day;timestamp;product;bid_price_1;bid_volume_1;bid_price_2;bid_volume_2;bid_price_3;bid_volume_3;ask_price_1;ask_volume_1;ask_price_2;ask_volume_2;ask_price_3;ask_volume_3;mid_price;profit_and_loss
1;0;SQUID_INK;1834;23;;;;;1838;23;;;;;1836.0;0.0
1;0;RAINFOREST_RESIN;9992;31;;;;;10008;31;;;;;10000.0;0.0
1;0;KELP;2032;23;;;;;2035;23;;;;;2033.5;0.0
1;100;KELP;2034;1;2033;2;2032;22;2035;22;;;;;2034.5;0.0
1;100;SQUID_INK;1838;1;1837;2;1836;22;1839;22;;;;;1838.5;0.0
1;100;RAINFOREST_RESIN;9992;27;;;;;10008;27;;;;;10000.0;0.0
1;200;RAINFOREST_RESIN;10001;1;9992;25;;;10008;25;;;;;10004.5;0.0
1;200;KELP;2032;1;2031;21;;;2035;22;;;;;2033.5;0.0
1;200;SQUID_INK;1839;22;;;;;1842;22;;;;;1840.5;0.0
1;300;KELP;2034;1;2032;26;;;2035;26;;;;;2034.5;0.0
1;300;SQUID_INK;1843;1;1841;26;;;1844;26;;;;;1843.5;0.0
1;300;RAINFOREST_RESIN;10001;1;9992;32;;;10008;32;;;;;10004.5;1.0
1;400;SQUID_INK;1842;28;;;;;1845;28;;;;;1843.5;0.0
1;400;RAINFOREST_RESIN;9992;28;;;;;10003;6;10008;28;;;9997.5;2.0
1;400;KELP;2032;2;2031;26;;;2035;28;;;;;2033.5;0.0
1;500;KELP;2032;1;2031;23;;;2033;3;2035;24;;;2032.5;0.0
1;500;SQUID_INK;1839;1;1838;23;;;1840;3;1842;24;;;1839.5;0.0
1;500;RAINFOREST_RESIN;9992;34;;;;;10008;34;;;;;10000.0;2.0
1;600;RAINFOREST_RESIN;9997;3;9992;27;;;10008;27;;;;;10002.5;2.0
1;600;KELP;2033;5;2032;2;2031;28;2035;30;;;;;2034.0;0.0
1;600;SQUID_INK;1840;5;1838;30;;;1841;30;;;;;1840.5;0.0
1;700;KELP;2031;22;;;;;2035;23;;;;;2033.0;0.0
1;700;SQUID_INK;1834;22;;;;;1837;23;;;;;1835.5;0.0
1;700;RAINFOREST_RESIN;9992;33;;;;;10008;33;;;;;10000.0;2.0
1;800;SQUID_INK;1833;25;;;;;1834;3;1836;25;;;1833.5;0.0
1;800;RAINFOREST_RESIN;9992;35;;;;;10008;35;;;;;10000.0;2.0
1;800;KELP;2032;1;2031;24;;;2033;3;2035;25;;;2032.5;0.0
1;900;SQUID_INK;1834;21;;;;;1837;21;;;;;1835.5;0.0
1;900;KELP;2032;1;2031;20;;;2035;21;;;;;2033.5;0.0
1;900;RAINFOREST_RESIN;9992;27;;;;;9997;11;10008;27;;;9994.5;2.0
1;1000;RAINFOREST_RESIN;9992;29;;;;;10008;29;;;;;10000.0;35.0
1;1000;KELP;2032;31;;;;;2035;31;;;;;2033.5;0.0
1;1000;SQUID_INK;1835;31;;;;;1838;31;;;;;1836.5;0.0
1;1100;SQUID_INK;1836;22;;;;;1839;22;;;;;1837.5;0.0
1;1100;KELP;2032;22;;;;;2035;22;;;;;2033.5;0.0
1;1100;RAINFOREST_RESIN;9992;28;;;;;10008;28;;;;;10000.0;35.0
1;1200;SQUID_INK;1836;23;;;;;1837;1;1839;1;1840;22;1836.5;0.0
1;1200;RAINFOREST_RESIN;9992;32;;;;;10008;32;;;;;10000.0;35.0
1;1200;KELP;2032;22;;;;;2035;23;;;;;2033.5;0.0
1;1300;SQUID_INK;1839;25;;;;;1842;25;;;;;1840.5;0.0
1;1300;KELP;2032;25;;;;;2035;25;;;;;2033.5;0.0
1;1300;RAINFOREST_RESIN;9992;32;;;;;10008;32;;;;;10000.0;35.0
1;1400;RAINFOREST_RESIN;10001;1;9992;28;;;10008;28;;;;;10004.5;35.0
1;1400;KELP;2032;23;;;;;2033;6;2035;23;;;2032.5;0.0
1;1400;SQUID_INK;1841;23;;;;;1842;6;1844;23;;;1841.5;0.0
1;1500;SQUID_INK;1844;1;1843;1;1842;20;1846;21;;;;;1845.0;12.330078125
1;1500;KELP;2034;1;2032;21;;;2035;21;;;;;2034.5;0.0
1;1500;RAINFOREST_RESIN;9997;2;9992;28;;;10008;28;;;;;10002.5;36.0
1;1600;SQUID_INK;1842;30;;;;;1845;30;;;;;1843.5;8.9150390625
1;1600;RAINFOREST_RESIN;9992;26;;;;;10008;26;;;;;10000.0;36.0
1;1600;KELP;2032;30;;;;;2035;30;;;;;2033.5;0.0
1;1700;SQUID_INK;1844;28;;;;;1846;8;1848;28;;;1845.0;23.98046875
1;1700;KELP;2032;28;;;;;2034;8;2036;28;;;2033.0;0.0
1;1700;RAINFOREST_RESIN;9992;35;;;;;10008;35;;;;;10000.0;36.0
1;1800;RAINFOREST_RESIN;10002;3;9992;29;;;10008;29;;;;;10005.0;36.0
1;1800;KELP;2033;4;2032;23;;;2036;23;;;;;2034.5;0.0
1;1800;SQUID_INK;1847;4;1846;23;;;1849;23;;;;;1848.0;33.71875
1;1900;KELP;2032;31;;;;;2036;32;;;;;2034.0;0.0
1;1900;SQUID_INK;1847;1;1846;30;;;1850;32;;;;;1848.5;36.61328125
1;1900;RAINFOREST_RESIN;9992;27;;;;;10008;27;;;;;10000.0;42.0
1;2000;KELP;2032;23;;;;;2036;23;;;;;2034.0;0.0
1;2000;SQUID_INK;1848;2;1847;21;;;1851;23;;;;;1849.5;42.2451171875
1;2000;RAINFOREST_RESIN;9992;34;;;;;10008;34;;;;;10000.0;42.0
1;2100;SQUID_INK;1848;28;;;;;1850;5;1851;28;;;1849.0;44.3447265625
1;2100;RAINFOREST_RESIN;9992;25;;;;;10008;25;;;;;10000.0;42.0
1;2100;KELP;2032;28;;;;;2034;5;2036;28;;;2033.0;0.0
1;2200;RAINFOREST_RESIN;9992;30;;;;;10008;30;;;;;10000.0;42.0
1;2200;KELP;2033;4;2032;21;;;2036;21;;;;;2034.5;0.0
1;2200;SQUID_INK;1849;25;;;;;1852;21;;;;;1850.5;51.962890625
1;2300;KELP;2033;5;2032;24;;;2036;24;;;;;2034.5;0.0
1;2300;SQUID_INK;1849;29;;;;;1852;24;;;;;1850.5;52.19140625
1;2300;RAINFOREST_RESIN;9992;27;;;;;10008;27;;;;;10000.0;42.0
1;2400;KELP;2032;22;;;;;2036;22;;;;;2034.0;0.0
1;2400;SQUID_INK;1847;22;;;;;1850;22;;;;;1848.5;41.0
1;2400;RAINFOREST_RESIN;9992;33;;;;;10008;33;;;;;10000.0;42.0
1;2500;SQUID_INK;1850;23;;;;;1853;23;;;;;1851.5;54.974609375
1;2500;RAINFOREST_RESIN;9997;5;9992;28;;;10008;28;;;;;10002.5;42.0
1;2500;KELP;2032;23;;;;;2036;23;;;;;2034.0;0.0
1;2600;RAINFOREST_RESIN;9992;33;;;;;10008;33;;;;;10000.0;42.0
1;2600;KELP;2033;30;;;;;2036;30;;;;;2034.5;0.0
1;2600;SQUID_INK;1851;30;;;;;1854;30;;;;;1852.5;63.2958984375
1;2700;KELP;2033;30;;;;;2036;23;;;;;2034.5;0.0
1;2700;SQUID_INK;1853;30;;;;;1856;23;;;;;1854.5;75.36328125
1;2700;RAINFOREST_RESIN;10001;1;9992;34;;;10008;34;;;;;10004.5;42.0
1;2800;KELP;2033;27;;;;;2036;27;;;;;2034.5;0.0
1;2800;SQUID_INK;1853;27;;;;;1857;27;;;;;1855.0;78.1015625
1;2800;RAINFOREST_RESIN;9997;2;9992;28;;;10008;28;;;;;10002.5;43.0
1;2900;SQUID_INK;1853;22;;;;;1856;22;;;;;1854.5;74.7802734375
1;2900;RAINFOREST_RESIN;9992;28;;;;;10008;28;;;;;10000.0;43.0
1;2900;KELP;2032;22;;;;;2036;22;;;;;2034.0;0.0
1;3000;RAINFOREST_RESIN;9992;30;;;;;10008;30;;;;;10000.0;43.0
1;3000;KELP;2035;1;2033;35;;;2036;30;;;;;2035.5;0.0
1;3000;SQUID_INK;1855;1;1853;35;;;1856;30;;;;;1855.5;72.9765625
1;3100;KELP;2032;28;;;;;2036;28;;;;;2034.0;0.0
1;3100;SQUID_INK;1851;28;;;;;1854;28;;;;;1852.5;63.5859375
1;3100;RAINFOREST_RESIN;9992;35;;;;;10008;35;;;;;10000.0;43.0
1;3200;KELP;2032;24;;;;;2034;5;2036;24;;;2033.0;0.0
1;3200;SQUID_INK;1851;24;;;;;1852;5;1854;24;;;1851.5;65.0517578125
1;3200;RAINFOREST_RESIN;10003;3;9992;27;;;10008;27;;;;;10005.5;43.0
1;3300;SQUID_INK;1851;25;;;;;1854;25;;;;;1852.5;61.4052734375
1;3300;RAINFOREST_RESIN;9992;29;;;;;10008;29;;;;;10000.0;52.0
1;3300;KELP;2033;1;2032;24;;;2036;25;;;;;2034.5;0.0
1;3400;RAINFOREST_RESIN;9992;32;;;;;9998;3;10008;32;;;9995.0;52.0
1;3400;KELP;2033;2;2032;27;;;2036;29;;;;;2034.5;0.0
1;3400;SQUID_INK;1850;29;;;;;1853;29;;;;;1851.5;58.416015625
1;3500;KELP;2032;26;;;;;2036;26;;;;;2034.0;0.0
1;3500;SQUID_INK;1852;26;;;;;1855;26;;;;;1853.5;-24.140625
1;3500;RAINFOREST_RESIN;9992;25;;;;;10008;25;;;;;10000.0;58.0
1;3600;KELP;2033;27;;;;;2036;27;;;;;2034.5;0.0
1;3600;SQUID_INK;1850;27;;;;;1853;27;;;;;1851.5;13.34375
1;3600;RAINFOREST_RESIN;9992;27;;;;;10008;27;;;;;10000.0;58.0
1;3700;SQUID_INK;1851;25;;;;;1854;25;;;;;1852.5;-2.22265625
1;3700;RAINFOREST_RESIN;9992;28;;;;;9999;1;10008;28;;;9995.5;58.0
1;3700;KELP;2033;25;;;;;2036;25;;;;;2034.5;0.0
1;3800;RAINFOREST_RESIN;9992;35;;;;;10008;35;;;;;10000.0;59.0
1;3800;KELP;2033;24;;;;;2035;7;2036;24;;;2034.0;0.0
1;3800;SQUID_INK;1849;24;;;;;1851;7;1852;24;;;1850.0;30.10546875
1;3900;KELP;2033;27;;;;;2036;26;;;;;2034.5;0.0
1;3900;SQUID_INK;1850;27;;;;;1853;26;;;;;1851.5;15.93359375
1;3900;RAINFOREST_RESIN;9992;35;;;;;10008;35;;;;;10000.0;59.0
1;4000;KELP;2032;30;;;;;2036;31;;;;;2034.0;0.0
1;4000;SQUID_INK;1850;31;;;;;1851;1;1853;1;1854;30;1850.5;2.5078125
1;4000;RAINFOREST_RESIN;9997;6;9992;30;;;10008;30;;;;;10002.5;59.0
1;4100;RAINFOREST_RESIN;9997;2;9992;34;;;10008;34;;;;;10002.5;59.0
1;4100;SQUID_INK;1852;5;1851;24;;;1854;24;;;;;1853.0;-8.84375
1;4100;KELP;2033;5;2032;24;;;2036;24;;;;;2034.5;0.0
1;4200;RAINFOREST_RESIN;9992;25;;;;;10008;25;;;;;10000.0;59.0
1;4200;KELP;2032;29;;;;;2034;7;2036;29;;;2033.0;0.0
1;4200;SQUID_INK;1852;29;;;;;1854;7;1855;29;;;1853.0;-32.7265625
1;4300;KELP;2032;26;;;;;2033;2;2036;26;;;2032.5;0.0
1;4300;RAINFOREST_RESIN;9992;26;;;;;10008;26;;;;;10000.0;59.0
1;4300;SQUID_INK;1853;26;;;;;1854;2;1857;26;;;1853.5;-68.46875
1;4400;KELP;2032;28;;;;;2035;28;;;;;2033.5;0.0
1;4400;SQUID_INK;1853;28;;;;;1856;28;;;;;1854.5;-61.234375
1;4400;RAINFOREST_RESIN;9992;30;;;;;10008;30;;;;;10000.0;59.0
1;4500;RAINFOREST_RESIN;9992;34;;;;;10008;34;;;;;10000.0;59.0
1;4500;SQUID_INK;1852;26;;;;;1854;8;1855;26;;;1853.0;-38.64453125
1;4500;KELP;2032;26;;;;;2034;8;2036;26;;;2033.0;0.0
1;4600;RAINFOREST_RESIN;9992;31;;;;;10008;31;;;;;10000.0;59.0
1;4600;KELP;2032;21;;;;;2034;3;2036;21;;;2033.0;0.0
1;4600;SQUID_INK;1854;21;;;;;1856;3;1857;21;;;1855.0;-77.75
1;4700;KELP;2032;26;;;;;2035;26;;;;;2033.5;0.0
1;4700;RAINFOREST_RESIN;9992;27;;;;;10008;27;;;;;10000.0;59.0
1;4700;SQUID_INK;1854;26;;;;;1857;26;;;;;1855.5;-72.7421875
1;4800;KELP;2034;1;2033;7;2032;23;2036;23;;;;;2035.0;0.0
1;4800;SQUID_INK;1856;1;1854;30;;;1857;23;;;;;1856.5;-75.33203125
1;4800;RAINFOREST_RESIN;9992;25;;;;;9999;1;10008;25;;;9995.5;59.0
1;4900;RAINFOREST_RESIN;9997;7;9992;28;;;10008;28;;;;;10002.5;60.0
1;4900;SQUID_INK;1853;24;;;;;1855;6;1856;24;;;1854.0;-58.09375
1;4900;KELP;2032;24;;;;;2034;6;2035;2;2036;22;2033.0;0.0
1;5000;RAINFOREST_RESIN;9992;27;;;;;10008;27;;;;;10000.0;60.0
1;5000;KELP;2033;5;2032;31;;;2035;1;2036;30;;;2034.0;0.0
1;5000;SQUID_INK;1854;6;1853;30;;;1857;31;;;;;1855.5;-67.04296875
1;5100;KELP;2032;26;;;;;2036;26;;;;;2034.0;0.0
1;5100;RAINFOREST_RESIN;9992;28;;;;;10008;28;;;;;10000.0;60.0
1;5100;SQUID_INK;1852;26;;;;;1855;26;;;;;1853.5;-40.2421875
1;5200;SQUID_INK;1854;5;1853;31;;;1856;25;;;;;1855.0;-50.16015625
1;5200;KELP;2033;5;2032;31;;;2035;2;2036;23;;;2034.0;0.0
1;5200;RAINFOREST_RESIN;9992;35;;;;;10008;35;;;;;10000.0;60.0
1;5300;RAINFOREST_RESIN;9992;29;;;;;9997;12;10008;29;;;9994.5;60.0
1;5300;SQUID_INK;1852;22;;;;;1855;22;;;;;1853.5;-40.765625
1;5300;KELP;2032;22;;;;;2036;22;;;;;2034.0;0.0
1;5400;RAINFOREST_RESIN;9992;25;;;;;10008;25;;;;;10000.0;96.0
1;5400;SQUID_INK;1853;30;;;;;1856;30;;;;;1854.5;-96.46875
1;5400;KELP;2032;30;;;;;2036;30;;;;;2034.0;0.0
1;5500;KELP;2032;29;;;;;2033;8;2036;29;;;2032.5;0.0
1;5500;RAINFOREST_RESIN;9992;32;;;;;10008;32;;;;;10000.0;96.0
1;5500;SQUID_INK;1854;21;;;;;1857;29;;;;;1855.5;-148.9765625
1;5600;SQUID_INK;1851;25;;;;;1854;2;1855;23;;;1852.5;-41.21875
1;5600;KELP;2032;25;;;;;2036;25;;;;;2034.0;0.0
1;5600;RAINFOREST_RESIN;9992;34;;;;;10003;7;10008;34;;;9997.5;96.0
1;5700;RAINFOREST_RESIN;9992;33;;;;;10008;33;;;;;10000.0;96.0
1;5700;SQUID_INK;1850;34;;;;;1853;31;;;;;1851.5;27.9140625
1;5700;KELP;2033;4;2032;30;;;2036;31;;;;;2034.5;0.0
1;5800;RAINFOREST_RESIN;9992;25;;;;;10008;25;;;;;10000.0;96.0
1;5800;SQUID_INK;1851;2;1850;28;;;1854;30;;;;;1852.5;-3.765625
1;5800;KELP;2032;30;;;;;2036;30;;;;;2034.0;0.0
1;5900;KELP;2032;23;;;;;2036;23;;;;;2034.0;0.0
1;5900;RAINFOREST_RESIN;9992;30;;;;;10008;30;;;;;10000.0;96.0
1;5900;SQUID_INK;1851;2;1850;21;;;1854;23;;;;;1852.5;-3.125
1;6000;SQUID_INK;1853;30;;;;;1856;30;;;;;1854.5;-109.4140625
1;6000;KELP;2032;30;;;;;2036;30;;;;;2034.0;0.0
1;6000;RAINFOREST_RESIN;9992;28;;;;;10008;28;;;;;10000.0;96.0
1;6100;RAINFOREST_RESIN;9992;33;;;;;10003;4;10008;33;;;9997.5;96.0
1;6100;SQUID_INK;1853;25;;;;;1856;25;;;;;1854.5;-99.75
1;6100;KELP;2033;1;2032;24;;;2036;25;;;;;2034.5;0.0
1;6200;RAINFOREST_RESIN;9992;28;;;;;10008;28;;;;;10000.0;96.0
1;6200;SQUID_INK;1855;1;1853;30;;;1856;30;;;;;1855.5;-115.015625
1;6200;KELP;2035;1;2032;30;;;2036;30;;;;;2035.5;0.0
1;6300;KELP;2032;22;;;;;2036;22;;;;;2034.0;0.0
1;6300;RAINFOREST_RESIN;9992;28;;;;;10008;28;;;;;10000.0;96.0
1;6300;SQUID_INK;1855;22;;;;;1858;22;;;;;1856.5;-177.095703125
1;6400;SQUID_INK;1855;24;;;;;1858;24;;;;;1856.5;-184.083984375
1;6400;KELP;2033;1;2032;23;;;2036;24;;;;;2034.5;0.0
1;6400;RAINFOREST_RESIN;9992;31;;;;;10003;2;10008;31;;;9997.5;96.0
1;6500;RAINFOREST_RESIN;10002;3;9992;30;;;10008;30;;;;;10005.0;96.0
1;6500;SQUID_INK;1856;22;;;;;1859;22;;;;;1857.5;-190.1875
1;6500;KELP;2032;22;;;;;2036;22;;;;;2034.0;0.0
1;6600;RAINFOREST_RESIN;9992;26;;;;;10008;26;;;;;10000.0;102.0
1;6600;SQUID_INK;1856;27;;;;;1857;5;1860;29;;;1856.5;-200.837890625
1;6600;KELP;2032;27;;;;;2033;5;2036;29;;;2032.5;0.0
1;6700;KELP;2033;31;;;;;2035;7;2036;31;;;2034.0;0.0
1;6700;RAINFOREST_RESIN;9992;28;;;;;10008;28;;;;;10000.0;102.0
1;6700;SQUID_INK;1857;31;;;;;1859;7;1860;31;;;1858.0;-204.73046875
1;6800;SQUID_INK;1858;4;1857;31;;;1860;31;;;;;1859.0;-202.580078125
1;6800;KELP;2034;4;2033;2;2032;29;2036;31;;;;;2035.0;0.0
1;6800;RAINFOREST_RESIN;9992;25;;;;;10008;25;;;;;10000.0;102.0
1;6900;RAINFOREST_RESIN;9992;31;;;;;10008;31;;;;;10000.0;102.0
1;6900;SQUID_INK;1858;29;;;;;1860;3;1861;29;;;1859.0;-218.396484375
1;6900;KELP;2033;29;;;;;2035;3;2036;29;;;2034.0;0.0
1;7000;RAINFOREST_RESIN;9992;27;;;;;10008;27;;;;;10000.0;102.0
1;7000;SQUID_INK;1858;38;;;;;1861;31;;;;;1859.5;-220.556640625
1;7000;KELP;2033;38;;;;;2036;31;;;;;2034.5;0.0
1;7100;KELP;2033;1;2032;30;;;2036;31;;;;;2034.5;0.0
1;7100;RAINFOREST_RESIN;9992;31;;;;;10008;31;;;;;10000.0;102.0
1;7100;SQUID_INK;1859;31;;;;;1862;31;;;;;1860.5;-235.212890625
1;7200;SQUID_INK;1859;29;;;;;1862;23;;;;;1860.5;-234.751953125
1;7200;KELP;2033;7;2032;22;;;2036;23;;;;;2034.5;0.0
1;7200;RAINFOREST_RESIN;9992;33;;;;;10008;33;;;;;10000.0;102.0
1;7300;RAINFOREST_RESIN;9992;27;;;;;10008;27;;;;;10000.0;102.0
1;7300;SQUID_INK;1860;26;;;;;1863;26;;;;;1861.5;-250.21875
1;7300;KELP;2033;1;2032;25;;;2036;26;;;;;2034.5;0.0
1;7400;RAINFOREST_RESIN;9992;34;;;;;10008;34;;;;;10000.0;102.0
1;7400;SQUID_INK;1860;22;;;;;1863;22;;;;;1861.5;-248.875
1;7400;KELP;2032;22;;;;;2036;22;;;;;2034.0;0.0
1;7500;KELP;2032;29;;;;;2034;3;2036;29;;;2033.0;0.0
1;7500;RAINFOREST_RESIN;9992;34;;;;;10008;34;;;;;10000.0;102.0
1;7500;SQUID_INK;1860;29;;;;;1861;3;1863;29;;;1860.5;-242.029296875
1;7600;SQUID_INK;1859;27;;;;;1862;27;;;;;1860.5;-231.0546875
1;7600;KELP;2032;27;;;;;2036;27;;;;;2034.0;0.0
1;7600;RAINFOREST_RESIN;9992;30;;;;;10008;30;;;;;10000.0;102.0
1;7700;RAINFOREST_RESIN;9997;6;9992;27;;;10008;27;;;;;10002.5;102.0
1;7700;SQUID_INK;1859;26;;;;;1862;26;;;;;1860.5;-236.6640625
1;7700;KELP;2032;26;;;;;2036;26;;;;;2034.0;0.0
1;7800;RAINFOREST_RESIN;9992;31;;;;;10008;31;;;;;10000.0;102.0
1;7800;SQUID_INK;1861;1;1860;23;;;1864;23;;;;;1862.5;-253.462890625
1;7800;KELP;2033;1;2032;23;;;2036;23;;;;;2034.5;0.0
1;7900;KELP;2033;24;;;;;2036;24;;;;;2034.5;0.0
1;7900;RAINFOREST_RESIN;9992;35;;;;;10008;35;;;;;10000.0;102.0
1;7900;SQUID_INK;1861;24;;;;;1864;24;;;;;1862.5;-256.603515625
1;8000;SQUID_INK;1863;1;1862;3;1861;30;1864;30;;;;;1863.5;-254.78125
1;8000;KELP;2035;1;2034;3;2033;30;2036;30;;;;;2035.5;0.0
1;8000;RAINFOREST_RESIN;9992;32;;;;;10008;32;;;;;10000.0;102.0
1;8100;SQUID_INK;1860;25;;;;;1864;25;;;;;1862.0;-252.046875
1;8100;KELP;2033;25;;;;;2036;25;;;;;2034.5;0.0
1;8100;RAINFOREST_RESIN;9992;30;;;;;10008;30;;;;;10000.0;102.0
1;8200;SQUID_INK;1862;2;1861;25;;;1865;27;;;;;1863.5;-265.4609375
1;8200;RAINFOREST_RESIN;9992;34;;;;;10008;34;;;;;10000.0;102.0
1;8200;KELP;2033;27;;;;;2036;27;;;;;2034.5;0.0
1;8300;KELP;2033;28;;;;;2036;28;;;;;2034.5;0.0
1;8300;RAINFOREST_RESIN;9992;33;;;;;10008;33;;;;;10000.0;102.0
1;8300;SQUID_INK;1861;28;;;;;1864;28;;;;;1862.5;-255.748046875
1;8400;SQUID_INK;1860;29;;;;;1864;29;;;;;1862.0;-252.791015625
1;8400;RAINFOREST_RESIN;10002;4;9992;30;;;10008;30;;;;;10005.0;102.0
1;8400;KELP;2033;29;;;;;2036;29;;;;;2034.5;0.0
1;8500;SQUID_INK;1861;35;;;;;1864;27;;;;;1862.5;-258.396484375
1;8500;KELP;2033;35;;;;;2036;27;;;;;2034.5;0.0
1;8500;RAINFOREST_RESIN;9992;29;;;;;10008;29;;;;;10000.0;110.0
1;8600;SQUID_INK;1861;29;;;;;1864;2;1865;27;;;1862.5;-264.0390625
1;8600;RAINFOREST_RESIN;9992;32;;;;;10008;32;;;;;10000.0;110.0
1;8600;KELP;2033;29;;;;;2036;29;;;;;2034.5;0.0
1;8700;KELP;2035;1;2033;32;;;2036;24;;;;;2035.5;0.0
1;8700;SQUID_INK;1863;1;1861;10;1860;22;1864;24;;;;;1863.5;-252.99609375
1;8700;RAINFOREST_RESIN;9992;33;;;;;10008;33;;;;;10000.0;110.0
1;8800;RAINFOREST_RESIN;9992;26;;;;;10008;26;;;;;10000.0;110.0
1;8800;KELP;2033;31;;;;;2036;31;;;;;2034.5;0.0
1;8800;SQUID_INK;1863;31;;;;;1866;31;;;;;1864.5;-280.658203125
1;8900;KELP;2033;28;;;;;2036;26;;;;;2034.5;0.0
1;8900;SQUID_INK;1864;28;;;;;1867;26;;;;;1865.5;-312.455078125
1;8900;RAINFOREST_RESIN;9992;32;;;;;10008;32;;;;;10000.0;110.0
1;9000;SQUID_INK;1864;23;;;;;1867;23;;;;;1865.5;-315.939453125
1;9000;RAINFOREST_RESIN;9997;6;9992;33;;;10008;33;;;;;10002.5;110.0
1;9000;KELP;2033;23;;;;;2036;23;;;;;2034.5;0.0
1;9100;KELP;2033;27;;;;;2036;22;;;;;2034.5;0.0
1;9100;SQUID_INK;1865;5;1864;22;;;1867;22;;;;;1866.0;-310.755859375
1;9100;RAINFOREST_RESIN;9992;35;;;;;10008;35;;;;;10000.0;110.0
1;9200;RAINFOREST_RESIN;9992;31;;;;;10008;31;;;;;10000.0;110.0
1;9200;KELP;2033;30;;;;;2036;27;;;;;2034.5;0.0
1;9200;SQUID_INK;1865;30;;;;;1868;27;;;;;1866.5;-304.603515625
1;9300;KELP;2033;30;;;;;2036;30;;;;;2034.5;0.0
1;9300;SQUID_INK;1864;30;;;;;1868;30;;;;;1866.0;-306.69921875
1;9300;RAINFOREST_RESIN;10003;11;9992;26;;;10008;26;;;;;10005.5;110.0
1;9400;SQUID_INK;1866;3;1865;30;;;1868;30;;;;;1867.0;-294.203125
1;9400;RAINFOREST_RESIN;9992;29;;;;;10008;29;;;;;10000.0;143.0
1;9400;KELP;2033;33;;;;;2036;30;;;;;2034.5;0.0
1;9500;KELP;2033;26;;;;;2036;26;;;;;2034.5;0.0
1;9500;SQUID_INK;1865;26;;;;;1868;26;;;;;1866.5;-295.26171875
1;9500;RAINFOREST_RESIN;9992;27;;;;;10008;27;;;;;10000.0;143.0
1;9600;RAINFOREST_RESIN;9992;25;;;;;10008;25;;;;;10000.0;143.0
1;9600;KELP;2033;21;;;;;2036;21;;;;;2034.5;0.0
1;9600;SQUID_INK;1867;21;;;;;1870;21;;;;;1868.5;-266.9296875
1;9700;SQUID_INK;1866;31;;;;;1867;5;1868;5;1869;31;1866.5;-279.19140625
1;9700;KELP;2033;31;;;;;2034;5;2035;5;2036;31;2033.5;0.0
1;9700;RAINFOREST_RESIN;9992;28;;;;;10008;28;;;;;10000.0;143.0
1;9800;SQUID_INK;1865;26;;;;;1868;26;;;;;1866.5;-296.548828125
1;9800;RAINFOREST_RESIN;9992;26;;;;;10008;26;;;;;10000.0;143.0
1;9800;KELP;2033;26;;;;;2036;26;;;;;2034.5;0.0
1;9900;SQUID_INK;1866;24;;;;;1869;24;;;;;1867.5;-285.677734375
1;9900;KELP;2033;24;;;;;2036;24;;;;;2034.5;0.0
1;9900;RAINFOREST_RESIN;10001;1;9992;29;;;10008;29;;;;;10004.5;143.0
1;10000;RAINFOREST_RESIN;9992;28;;;;;10000;4;10008;28;;;9996.0;144.0
1;10000;KELP;2033;27;;;;;2036;27;;;;;2034.5;0.0
1;10000;SQUID_INK;1867;27;;;;;1870;27;;;;;1868.5;-270.037109375
1;10100;SQUID_INK;1867;21;;;;;1869;5;1870;21;;;1868.0;-261.6875
1;10100;KELP;2033;1;2032;20;;;2034;5;2036;21;;;2033.5;0.0
1;10100;RAINFOREST_RESIN;9992;28;;;;;10008;28;;;;;10000.0;144.0
1;10200;SQUID_INK;1869;20;;;;;1872;20;;;;;1870.5;-236.8515625
1;10200;RAINFOREST_RESIN;9997;4;9992;31;;;10008;31;;;;;10002.5;144.0
1;10200;KELP;2033;20;;;;;2036;20;;;;;2034.5;0.0
1;10300;SQUID_INK;1869;5;1868;25;;;1871;25;;;;;1870.0;-241.30859375
1;10300;KELP;2033;30;;;;;2036;25;;;;;2034.5;0.0
1;10300;RAINFOREST_RESIN;9992;33;;;;;10008;33;;;;;10000.0;144.0
1;10400;RAINFOREST_RESIN;9992;27;;;;;9999;1;10008;27;;;9995.5;144.0
1;10400;KELP;2032;25;;;;;2036;25;;;;;2034.0;0.0
1;10400;SQUID_INK;1869;25;;;;;1873;25;;;;;1871.0;-221.224609375
1;10500;SQUID_INK;1870;34;;;;;1873;26;;;;;1871.5;-214.1484375
1;10500;KELP;2033;8;2032;26;;;2036;26;;;;;2034.5;0.0
1;10500;RAINFOREST_RESIN;9997;4;9992;33;;;10008;33;;;;;10002.5;145.0
1;10600;SQUID_INK;1871;3;1870;20;;;1873;20;;;;;1872.0;-219.521484375
1;10600;RAINFOREST_RESIN;9992;34;;;;;10008;34;;;;;10000.0;145.0
1;10600;KELP;2034;3;2032;20;;;2036;20;;;;;2035.0;0.0
1;10700;SQUID_INK;1870;31;;;;;1873;24;;;;;1871.5;-210.26171875
1;10700;KELP;2033;7;2032;24;;;2036;24;;;;;2034.5;0.0
1;10700;RAINFOREST_RESIN;9992;28;;;;;10003;7;10008;28;;;9997.5;145.0
1;10800;RAINFOREST_RESIN;9992;33;;;;;10008;33;;;;;10000.0;145.0
1;10800;KELP;2033;6;2032;23;;;2036;23;;;;;2034.5;0.0
1;10800;SQUID_INK;1872;6;1871;23;;;1874;23;;;;;1873.0;-190.767578125
1;10900;KELP;2032;23;;;;;2033;6;2036;23;;;2032.5;0.0
1;10900;SQUID_INK;1870;23;;;;;1872;6;1874;23;;;1871.0;-204.541015625
1;10900;RAINFOREST_RESIN;9992;29;;;;;10008;29;;;;;10000.0;145.0
1;11000;KELP;2032;27;;;;;2034;2;2035;27;;;2033.0;0.0
1;11000;SQUID_INK;1871;27;;;;;1873;2;1874;27;;;1872.0;-191.521484375
1;11000;RAINFOREST_RESIN;9992;34;;;;;10008;34;;;;;10000.0;145.0
1;11100;SQUID_INK;1870;32;;;;;1873;31;;;;;1871.5;-213.080078125
1;11100;RAINFOREST_RESIN;9992;29;;;;;10008;29;;;;;10000.0;145.0
1;11100;KELP;2032;32;;;;;2035;1;2036;30;;;2033.5;0.0
1;11200;RAINFOREST_RESIN;9997;3;9992;35;;;10008;35;;;;;10002.5;145.0
1;11200;KELP;2032;30;;;;;2034;5;2035;2;2036;28;2033.0;0.0
1;11200;SQUID_INK;1870;30;;;;;1872;5;1873;30;;;1871.0;-207.31640625
1;11300;KELP;2032;27;;;;;2035;27;;;;;2033.5;0.0
1;11300;SQUID_INK;1871;27;;;;;1874;27;;;;;1872.5;-192.470703125
1;11300;RAINFOREST_RESIN;9992;25;;;;;10008;25;;;;;10000.0;145.0
1;11400;KELP;2032;30;;;;;2035;30;;;;;2033.5;0.0
1;11400;SQUID_INK;1870;30;;;;;1873;30;;;;;1871.5;-229.12109375
1;11400;RAINFOREST_RESIN;9992;25;;;;;10003;3;10008;25;;;9997.5;145.0
1;11500;SQUID_INK;1869;29;;;;;1870;5;1872;29;;;1869.5;-214.169921875
1;11500;RAINFOREST_RESIN;9992;26;;;;;10008;26;;;;;10000.0;145.0
1;11500;KELP;2032;29;;;;;2034;5;2035;29;;;2033.0;0.0
1;11600;RAINFOREST_RESIN;9992;29;;;;;10003;4;10008;29;;;9997.5;145.0
1;11600;KELP;2032;24;;;;;2034;7;2035;24;;;2033.0;0.0
1;11600;SQUID_INK;1868;24;;;;;1870;7;1871;24;;;1869.0;-210.6953125
1;11700;KELP;2033;4;2032;22;;;2035;22;;;;;2034.0;0.0
1;11700;SQUID_INK;1870;4;1869;22;;;1872;22;;;;;1871.0;-216.83203125
1;11700;RAINFOREST_RESIN;9992;35;;;;;9999;1;10008;35;;;9995.5;145.0
1;11800;KELP;2032;22;;;;;2035;22;;;;;2033.5;0.0
1;11800;SQUID_INK;1869;22;;;;;1872;22;;;;;1870.5;-216.775390625
1;11800;RAINFOREST_RESIN;9992;30;;;;;10008;30;;;;;10000.0;146.0
1;11900;SQUID_INK;1869;4;1868;23;;;1871;1;1872;22;;;1870.0;-211.259765625
1;11900;RAINFOREST_RESIN;9992;25;;;;;10008;25;;;;;10000.0;146.0
1;11900;KELP;2033;4;2032;23;;;2035;23;;;;;2034.0;0.0
1;12000;RAINFOREST_RESIN;9992;28;;;;;10008;28;;;;;10000.0;146.0
1;12000;KELP;2032;28;;;;;2035;28;;;;;2033.5;0.0
1;12000;SQUID_INK;1870;1;1869;27;;;1873;28;;;;;1871.5;-222.794921875
1;12100;KELP;2032;25;;;;;2035;25;;;;;2033.5;0.0
1;12100;SQUID_INK;1871;2;1870;23;;;1874;25;;;;;1872.5;-232.388671875
1;12100;RAINFOREST_RESIN;9992;34;;;;;9997;8;10008;34;;;9994.5;146.0
1;12200;KELP;2032;25;;;;;2035;25;;;;;2033.5;0.0
1;12200;SQUID_INK;1872;2;1871;23;;;1875;25;;;;;1873.5;-266.5234375
1;12200;RAINFOREST_RESIN;9992;33;;;;;10003;2;10008;33;;;9997.5;170.0
1;12300;SQUID_INK;1872;4;1871;25;;;1874;25;;;;;1873.0;-269.76953125
1;12300;RAINFOREST_RESIN;9992;26;;;;;10008;26;;;;;10000.0;170.0
1;12300;KELP;2032;29;;;;;2035;25;;;;;2033.5;0.0
1;12400;RAINFOREST_RESIN;9992;29;;;;;10008;29;;;;;10000.0;170.0
1;12400;KELP;2032;29;;;;;2035;29;;;;;2033.5;0.0
1;12400;SQUID_INK;1871;29;;;;;1874;29;;;;;1872.5;-273.72265625
1;12500;KELP;2033;3;2032;23;;;2035;23;;;;;2034.0;0.0
1;12500;SQUID_INK;1871;3;1870;23;;;1873;23;;;;;1872.0;-290.51953125
1;12500;RAINFOREST_RESIN;9992;32;;;;;10003;2;10008;32;;;9997.5;170.0
1;12600;KELP;2033;4;2032;26;;;2035;26;;;;;2034.0;0.0
1;12600;SQUID_INK;1871;4;1870;26;;;1873;26;;;;;1872.0;-285.05078125
1;12600;RAINFOREST_RESIN;9992;31;;;;;10008;31;;;;;10000.0;170.0
1;12700;SQUID_INK;1869;28;;;;;1872;28;;;;;1870.5;-309.908203125
1;12700;RAINFOREST_RESIN;9992;30;;;;;10008;30;;;;;10000.0;170.0
1;12700;KELP;2032;28;;;;;2035;28;;;;;2033.5;0.0
1;12800;RAINFOREST_RESIN;9992;30;;;;;10008;30;;;;;10000.0;170.0
1;12800;KELP;2033;4;2032;30;;;2035;30;;;;;2034.0;0.0
1;12800;SQUID_INK;1868;4;1867;30;;;1870;30;;;;;1869.0;-335.724609375
1;12900;KELP;2032;23;;;;;2034;2;2035;23;;;2033.0;0.0
1;12900;SQUID_INK;1866;23;;;;;1868;2;1870;23;;;1867.0;-342.125
1;12900;RAINFOREST_RESIN;9992;34;;;;;10008;34;;;;;10000.0;170.0
1;13000;KELP;2032;32;;;;;2035;32;;;;;2033.5;0.0
1;13000;SQUID_INK;1865;32;;;;;1868;32;;;;;1866.5;-361.421875
1;13000;RAINFOREST_RESIN;9992;32;;;;;10008;32;;;;;10000.0;170.0
1;13100;RAINFOREST_RESIN;9992;28;;;;;10008;28;;;;;10000.0;170.0
1;13100;SQUID_INK;1864;21;;;;;1866;2;1868;21;;;1865.0;-363.310546875
1;13100;KELP;2032;21;;;;;2033;2;2035;21;;;2032.5;0.0
1;13200;RAINFOREST_RESIN;9992;29;;;;;10008;29;;;;;10000.0;170.0
1;13200;KELP;2034;1;2032;38;;;2035;31;;;;;2034.5;0.0
1;13200;SQUID_INK;1870;1;1868;38;;;1871;31;;;;;1870.5;-326.94140625
1;13300;KELP;2032;23;;;;;2035;23;;;;;2033.5;0.0
1;13300;RAINFOREST_RESIN;9992;33;;;;;10008;33;;;;;10000.0;170.0
1;13300;SQUID_INK;1869;1;1868;22;;;1872;23;;;;;1870.5;-319.001953125
1;13400;KELP;2032;26;;;;;2035;26;;;;;2033.5;0.0
1;13400;SQUID_INK;1869;26;;;;;1872;26;;;;;1870.5;-313.775390625
1;13400;RAINFOREST_RESIN;10001;1;9992;30;;;10008;30;;;;;10004.5;170.0
1;13500;RAINFOREST_RESIN;9992;25;;;;;10008;25;;;;;10000.0;171.0
1;13500;SQUID_INK;1868;25;;;;;1871;1;1872;24;;;1869.5;-320.5703125
1;13500;KELP;2032;25;;;;;2035;25;;;;;2033.5;0.0
1;13600;RAINFOREST_RESIN;9992;30;;;;;10008;30;;;;;10000.0;171.0
1;13600;KELP;2032;26;;;;;2034;3;2035;26;;;2033.0;0.0
1;13600;SQUID_INK;1867;26;;;;;1869;3;1870;2;1871;24;1868.0;-334.15234375
1;13700;KELP;2032;28;;;;;2035;28;;;;;2033.5;0.0
1;13700;RAINFOREST_RESIN;9992;32;;;;;10008;32;;;;;10000.0;171.0
1;13700;SQUID_INK;1866;28;;;;;1869;28;;;;;1867.5;-347.72265625
1;13800;KELP;2032;23;;;;;2035;23;;;;;2033.5;0.0
1;13800;SQUID_INK;1867;23;;;;;1871;23;;;;;1869.0;-331.56640625
1;13800;RAINFOREST_RESIN;9992;27;;;;;10008;27;;;;;10000.0;171.0
1;13900;RAINFOREST_RESIN;9992;32;;;;;10008;32;;;;;10000.0;171.0
1;13900;SQUID_INK;1867;18;;;;;1870;21;;;;;1868.5;-343.0859375
1;13900;KELP;2032;21;;;;;2033;3;2035;21;;;2032.5;0.0
1;14000;RAINFOREST_RESIN;10003;2;9992;29;;;10008;29;;;;;10005.5;171.0
1;14000;KELP;2032;31;;;;;2035;29;;;;;2033.5;0.0
1;14000;SQUID_INK;1867;31;;;;;1870;29;;;;;1868.5;-366.1162109375
1;14100;KELP;2032;22;;;;;2035;22;;;;;2033.5;0.0
1;14100;RAINFOREST_RESIN;9992;28;;;;;10008;28;;;;;10000.0;177.0
1;14100;SQUID_INK;1867;22;;;;;1870;22;;;;;1868.5;-365.2900390625
1;14200;SQUID_INK;1867;21;;;;;1871;21;;;;;1869.0;-368.796875
1;14200;KELP;2032;21;;;;;2035;21;;;;;2033.5;0.0
1;14200;RAINFOREST_RESIN;9992;30;;;;;10008;30;;;;;10000.0;177.0
1;14300;RAINFOREST_RESIN;9992;33;;;;;10008;33;;;;;10000.0;177.0
1;14300;SQUID_INK;1869;22;;;;;1872;22;;;;;1870.5;-375.798828125
1;14300;KELP;2032;22;;;;;2035;22;;;;;2033.5;0.0
1;14400;RAINFOREST_RESIN;9992;26;;;;;10008;26;;;;;10000.0;177.0
1;14400;SQUID_INK;1869;22;;;;;1872;23;;;;;1870.5;-416.12890625
1;14400;KELP;2032;22;;;;;2035;23;;;;;2033.5;0.0
1;14500;KELP;2032;29;;;;;2034;6;2035;29;;;2033.0;0.0
1;14500;RAINFOREST_RESIN;9992;34;;;;;10008;34;;;;;10000.0;177.0
1;14500;SQUID_INK;1869;29;;;;;1871;6;1872;29;;;1870.0;-414.39453125
1;14600;SQUID_INK;1866;28;;;;;1867;3;1869;28;;;1866.5;-456.6484375
1;14600;KELP;2032;28;;;;;2033;3;2035;28;;;2032.5;0.0
1;14600;RAINFOREST_RESIN;9992;25;;;;;10008;25;;;;;10000.0;177.0
1;14700;RAINFOREST_RESIN;9992;32;;;;;10008;32;;;;;10000.0;177.0
1;14700;SQUID_INK;1866;24;;;;;1868;2;1869;24;;;1867.0;-458.248046875
1;14700;KELP;2032;24;;;;;2034;2;2035;24;;;2033.0;0.0
1;14800;RAINFOREST_RESIN;9992;35;;;;;10008;35;;;;;10000.0;177.0
1;14800;SQUID_INK;1866;31;;;;;1868;3;1869;31;;;1867.0;-454.529296875
1;14800;KELP;2032;31;;;;;2034;3;2035;31;;;2033.0;0.0
1;14900;KELP;2034;4;2032;26;;;2035;26;;;;;2034.5;0.0
1;14900;RAINFOREST_RESIN;9992;35;;;;;10008;35;;;;;10000.0;177.0
1;14900;SQUID_INK;1869;4;1868;26;;;1871;26;;;;;1870.0;-530.0078125
1;15000;SQUID_INK;1868;31;;;;;1871;27;;;;;1869.5;-532.390625
1;15000;KELP;2032;31;;;;;2035;27;;;;;2033.5;0.0
1;15000;RAINFOREST_RESIN;10000;4;9992;26;;;10008;26;;;;;10004.0;177.0
1;15100;RAINFOREST_RESIN;9992;35;;;;;10008;35;;;;;10000.0;177.0
1;15100;SQUID_INK;1870;21;;;;;1873;21;;;;;1871.5;-564.302734375
1;15100;KELP;2032;21;;;;;2035;21;;;;;2033.5;0.0
1;15200;RAINFOREST_RESIN;9992;35;;;;;10000;4;10008;35;;;9996.0;177.0
1;15200;SQUID_INK;1870;4;1869;27;;;1872;23;;;;;1871.0;-546.572265625
1;15200;KELP;2033;8;2032;23;;;2036;23;;;;;2034.5;0.0
1;15300;KELP;2032;24;;;;;2034;6;2036;24;;;2033.0;0.0
1;15300;RAINFOREST_RESIN;10002;3;9997;5;9992;25;10008;25;;;;;10005.0;177.0
1;15300;SQUID_INK;1869;2;1868;22;;;1870;6;1872;24;;;1869.5;-588.61328125
1;15400;SQUID_INK;1868;30;;;;;1871;30;;;;;1869.5;-594.4560546875
1;15400;KELP;2032;30;;;;;2036;30;;;;;2034.0;0.0
1;15400;RAINFOREST_RESIN;9992;35;;;;;10008;35;;;;;10000.0;183.0
1;15500;RAINFOREST_RESIN;9992;28;;;;;9997;11;10008;28;;;9994.5;183.0
1;15500;SQUID_INK;1868;25;;;;;1872;25;;;;;1870.0;-588.0625
1;15500;KELP;2032;25;;;;;2036;25;;;;;2034.0;0.0
1;15600;RAINFOREST_RESIN;9992;29;;;;;10008;29;;;;;10000.0;216.0
1;15600;SQUID_INK;1869;23;;;;;1872;23;;;;;1870.5;-586.44921875
1;15600;KELP;2032;23;;;;;2036;23;;;;;2034.0;0.0
1;15700;KELP;2032;30;;;;;2034;1;2036;30;;;2033.0;0.0
1;15700;RAINFOREST_RESIN;9992;34;;;;;10003;7;10008;34;;;9997.5;216.0
1;15700;SQUID_INK;1868;30;;;;;1870;1;1872;30;;;1869.0;-588.85546875
1;15800;SQUID_INK;1869;32;;;;;1872;28;;;;;1870.5;-659.87109375
1;15800;KELP;2033;4;2032;28;;;2036;28;;;;;2034.5;0.0
1;15800;RAINFOREST_RESIN;9992;28;;;;;10008;28;;;;;10000.0;216.0
1;15900;RAINFOREST_RESIN;9992;34;;;;;10008;34;;;;;10000.0;216.0
1;15900;SQUID_INK;1868;18;;;;;1871;21;;;;;1869.5;-633.109375
1;15900;KELP;2032;21;;;;;2033;3;2036;21;;;2032.5;0.0
1;16000;RAINFOREST_RESIN;9992;34;;;;;10003;5;10008;34;;;9997.5;216.0
1;16000;SQUID_INK;1869;22;;;;;1871;4;1872;2;1873;20;1870.0;-669.7421875
1;16000;KELP;2032;22;;;;;2034;4;2036;22;;;2033.0;0.0
1;16100;KELP;2032;27;;;;;2033;2;2034;8;2036;27;2032.5;0.0
1;16100;RAINFOREST_RESIN;9997;5;9992;31;;;10008;31;;;;;10002.5;216.0
1;16100;SQUID_INK;1870;25;;;;;1871;8;1873;27;;;1870.5;-674.2421875
1;16200;SQUID_INK;1870;26;;;;;1873;27;;;;;1871.5;-686.89453125
1;16200;KELP;2032;27;;;;;2033;1;2036;27;;;2032.5;0.0
1;16200;RAINFOREST_RESIN;9992;33;;;;;10008;33;;;;;10000.0;216.0
1;16300;RAINFOREST_RESIN;9992;34;;;;;10008;34;;;;;10000.0;216.0
1;16300;SQUID_INK;1871;22;;;;;1874;22;;;;;1872.5;-718.123046875
1;16300;KELP;2033;22;;;;;2036;22;;;;;2034.5;0.0
1;16400;RAINFOREST_RESIN;9992;28;;;;;9999;1;10008;28;;;9995.5;216.0
1;16400;SQUID_INK;1872;27;;;;;1874;7;1875;2;1876;25;1873.0;-710.1806640625
1;16400;KELP;2033;27;;;;;2035;7;2036;27;;;2034.0;0.0
1;16500;KELP;2033;22;;;;;2035;1;2036;22;;;2034.0;0.0
1;16500;RAINFOREST_RESIN;9992;33;;;;;10008;33;;;;;10000.0;217.0
1;16500;SQUID_INK;1872;22;;;;;1874;1;1875;22;;;1873.0;-711.7021484375
1;16600;SQUID_INK;1873;7;1872;26;;;1876;26;;;;;1874.5;-710.607421875
1;16600;KELP;2033;33;;;;;2036;26;;;;;2034.5;0.0
1;16600;RAINFOREST_RESIN;9992;34;;;;;10008;34;;;;;10000.0;217.0
1;16700;RAINFOREST_RESIN;9992;32;;;;;10000;3;10008;32;;;9996.0;217.0
1;16700;SQUID_INK;1872;25;;;;;1875;25;;;;;1873.5;-713.265625
1;16700;KELP;2033;25;;;;;2036;25;;;;;2034.5;0.0
1;16800;RAINFOREST_RESIN;9992;28;;;;;10008;28;;;;;10000.0;217.0
1;16800;SQUID_INK;1873;2;1872;27;;;1875;27;;;;;1874.0;-711.482421875
1;16800;KELP;2034;2;2033;27;;;2036;27;;;;;2035.0;0.0
1;16900;KELP;2033;24;;;;;2036;24;;;;;2034.5;0.0
1;16900;RAINFOREST_RESIN;9992;28;;;;;10000;2;10008;28;;;9996.0;217.0
1;16900;SQUID_INK;1871;24;;;;;1875;24;;;;;1873.0;-715.1142578125
1;17000;SQUID_INK;1872;1;1871;26;;;1874;26;;;;;1873.0;-716.05078125
1;17000;RAINFOREST_RESIN;10001;1;9992;28;;;10008;28;;;;;10004.5;217.0
1;17000;KELP;2033;27;;;;;2036;26;;;;;2034.5;0.0
1;17100;SQUID_INK;1871;27;;;;;1874;27;;;;;1872.5;-716.1796875
1;17100;KELP;2033;27;;;;;2036;27;;;;;2034.5;0.0
1;17100;RAINFOREST_RESIN;9992;35;;;;;10008;35;;;;;10000.0;218.0
1;17200;SQUID_INK;1872;33;;;;;1875;28;;;;;1873.5;-712.751953125
1;17200;RAINFOREST_RESIN;9992;32;;;;;10008;32;;;;;10000.0;218.0
1;17200;KELP;2033;33;;;;;2036;28;;;;;2034.5;0.0
1;17300;KELP;2033;28;;;;;2035;6;2036;28;;;2034.0;0.0
1;17300;RAINFOREST_RESIN;9992;33;;;;;10008;33;;;;;10000.0;218.0
1;17300;SQUID_INK;1872;28;;;;;1874;6;1875;28;;;1873.0;-771.09375
1;17400;RAINFOREST_RESIN;9992;31;;;;;9997;11;10003;4;10008;31;9994.5;218.0
1;17400;KELP;2035;3;2033;27;;;2036;25;;;;;2035.5;0.0
1;17400;SQUID_INK;1875;3;1874;2;1873;25;1876;25;;;;;1875.5;-798.84765625
1;17500;KELP;2033;28;;;;;2036;28;;;;;2034.5;0.0
1;17500;SQUID_INK;1873;28;;;;;1876;28;;;;;1874.5;-784.3828125
1;17500;RAINFOREST_RESIN;9992;28;;;;;10008;28;;;;;10000.0;251.0
1;17600;SQUID_INK;1874;33;;;;;1877;30;;;;;1875.5;-832.0
1;17600;RAINFOREST_RESIN;9992;34;;;;;10008;34;;;;;10000.0;251.0
1;17600;KELP;2033;33;;;;;2036;30;;;;;2034.5;0.0
1;17700;KELP;2033;22;;;;;2036;22;;;;;2034.5;0.0
1;17700;SQUID_INK;1874;22;;;;;1878;22;;;;;1876.0;-832.0
1;17700;RAINFOREST_RESIN;9992;25;;;;;10008;25;;;;;10000.0;251.0
1;17800;RAINFOREST_RESIN;9992;30;;;;;10008;30;;;;;10000.0;251.0
1;17800;KELP;2033;32;;;;;2035;5;2036;32;;;2034.0;0.0
1;17800;SQUID_INK;1875;32;;;;;1877;5;1878;32;;;1876.0;-832.0
1;17900;KELP;2035;1;2034;2;2033;21;2036;21;;;;;2035.5;0.0
1;17900;SQUID_INK;1877;1;1876;2;1875;21;1878;21;;;;;1877.5;-832.0
1;17900;RAINFOREST_RESIN;10002;5;9992;32;;;10008;32;;;;;10005.0;251.0
1;18000;SQUID_INK;1874;24;;;;;1878;24;;;;;1876.0;-832.0
1;18000;RAINFOREST_RESIN;9997;7;9992;29;;;10008;29;;;;;10002.5;261.0
1;18000;KELP;2033;24;;;;;2036;24;;;;;2034.5;0.0
1;18100;KELP;2033;30;;;;;2036;30;;;;;2034.5;0.0
1;18100;SQUID_INK;1875;30;;;;;1878;30;;;;;1876.5;-832.0
1;18100;RAINFOREST_RESIN;9992;35;;;;;10008;35;;;;;10000.0;261.0
1;18200;RAINFOREST_RESIN;9992;30;;;;;10008;30;;;;;10000.0;261.0
1;18200;KELP;2033;25;;;;;2036;25;;;;;2034.5;0.0
1;18200;SQUID_INK;1875;25;;;;;1878;25;;;;;1876.5;-832.0
1;18300;KELP;2033;20;;;;;2036;20;;;;;2034.5;0.0
1;18300;SQUID_INK;1876;20;;;;;1879;20;;;;;1877.5;-832.0
1;18300;RAINFOREST_RESIN;9992;25;;;;;10008;25;;;;;10000.0;261.0
1;18400;SQUID_INK;1878;1;1876;22;;;1879;22;;;;;1878.5;-832.0
1;18400;RAINFOREST_RESIN;9992;26;;;;;10008;26;;;;;10000.0;261.0
1;18400;KELP;2035;1;2033;22;;;2036;22;;;;;2035.5;0.0
1;18500;SQUID_INK;1877;22;;;;;1880;23;;;;;1878.5;-832.0
1;18500;KELP;2033;22;;;;;2036;23;;;;;2034.5;0.0
1;18500;RAINFOREST_RESIN;9992;29;;;;;10008;29;;;;;10000.0;261.0
1;18600;RAINFOREST_RESIN;9992;28;;;;;10008;28;;;;;10000.0;261.0
1;18600;KELP;2033;13;;;;;2036;22;;;;;2034.5;0.0
1;18600;SQUID_INK;1877;13;;;;;1880;22;;;;;1878.5;-832.0
1;18700;SQUID_INK;1876;30;;;;;1880;30;;;;;1878.0;-832.0
1;18700;KELP;2033;30;;;;;2036;30;;;;;2034.5;0.0
1;18700;RAINFOREST_RESIN;9992;32;;;;;10008;32;;;;;10000.0;261.0
1;18800;SQUID_INK;1876;24;;;;;1879;24;;;;;1877.5;-832.0
1;18800;RAINFOREST_RESIN;9992;28;;;;;10008;28;;;;;10000.0;261.0
1;18800;KELP;2032;24;;;;;2036;24;;;;;2034.0;0.0
1;18900;SQUID_INK;1876;32;;;;;1879;25;;;;;1877.5;-832.0
1;18900;KELP;2033;32;;;;;2036;25;;;;;2034.5;0.0
1;18900;RAINFOREST_RESIN;9992;32;;;;;10008;32;;;;;10000.0;261.0
1;19000;RAINFOREST_RESIN;10002;3;9992;25;;;10008;25;;;;;10005.0;261.0
1;19000;KELP;2033;31;;;;;2036;31;;;;;2034.5;0.0
1;19000;SQUID_INK;1875;31;;;;;1878;31;;;;;1876.5;-832.0
1;19100;SQUID_INK;1875;23;;;;;1878;23;;;;;1876.5;-832.0
1;19100;KELP;2033;23;;;;;2036;23;;;;;2034.5;0.0
1;19100;RAINFOREST_RESIN;9992;28;;;;;10008;28;;;;;10000.0;267.0
1;19200;SQUID_INK;1875;26;;;;;1878;26;;;;;1876.5;-862.04296875
1;19200;RAINFOREST_RESIN;9992;27;;;;;9998;5;10008;27;;;9995.0;267.0
1;19200;KELP;2033;26;;;;;2036;26;;;;;2034.5;0.0
1;19300;SQUID_INK;1876;25;;;;;1879;25;;;;;1877.5;-888.42578125
1;19300;KELP;2033;25;;;;;2036;25;;;;;2034.5;0.0
1;19300;RAINFOREST_RESIN;9992;30;;;;;9997;8;10008;30;;;9994.5;277.0
1;19400;RAINFOREST_RESIN;9992;25;;;;;9999;1;10008;25;;;9995.5;301.0
1;19400;KELP;2033;26;;;;;2036;26;;;;;2034.5;0.0
1;19400;SQUID_INK;1877;26;;;;;1880;26;;;;;1878.5;-908.4609375
1;19500;SQUID_INK;1875;23;;;;;1878;23;;;;;1876.5;-859.87890625
1;19500;KELP;2033;23;;;;;2036;23;;;;;2034.5;0.0
1;19500;RAINFOREST_RESIN;9992;35;;;;;10000;1;10008;35;;;9996.0;302.0
1;19600;SQUID_INK;1877;1;1876;26;;;1880;27;;;;;1878.5;-902.9140625
1;19600;RAINFOREST_RESIN;9992;33;;;;;10008;33;;;;;10000.0;302.0
1;19600;KELP;2033;27;;;;;2036;27;;;;;2034.5;0.0
1;19700;SQUID_INK;1877;31;;;;;1880;31;;;;;1878.5;-951.77099609375
1;19700;RAINFOREST_RESIN;9992;30;;;;;9998;3;10008;30;;;9995.0;302.0
1;19700;KELP;2033;31;;;;;2036;31;;;;;2034.5;0.0
1;19800;RAINFOREST_RESIN;9992;33;;;;;10008;33;;;;;10000.0;308.0
1;19800;KELP;2033;28;;;;;2036;28;;;;;2034.5;0.0
1;19800;SQUID_INK;1877;28;;;;;1880;28;;;;;1878.5;-951.748046875
1;19900;KELP;2033;23;;;;;2036;23;;;;;2034.5;0.0
1;19900;SQUID_INK;1876;23;;;;;1879;23;;;;;1877.5;-958.24462890625
1;19900;RAINFOREST_RESIN;9992;29;;;;;10008;29;;;;;10000.0;308.0
1;20000;KELP;2033;26;;;;;2035;4;2036;26;;;2034.0;0.0
1;20000;SQUID_INK;1875;26;;;;;1877;4;1878;26;;;1876.0;-961.76025390625
1;20000;RAINFOREST_RESIN;9992;31;;;;;10008;31;;;;;10000.0;308.0
1;20100;SQUID_INK;1876;30;;;;;1878;4;1879;30;;;1877.0;-957.427734375
1;20100;RAINFOREST_RESIN;9992;31;;;;;10008;31;;;;;10000.0;308.0
1;20100;KELP;2033;30;;;;;2035;4;2036;30;;;2034.0;0.0
1;20200;RAINFOREST_RESIN;9992;34;;;;;10003;2;10008;34;;;9997.5;308.0
1;20200;KELP;2033;20;;;;;2036;20;;;;;2034.5;0.0
1;20200;SQUID_INK;1876;20;;;;;1879;20;;;;;1877.5;-956.2568359375
1;20300;KELP;2033;24;;;;;2036;24;;;;;2034.5;0.0
1;20300;SQUID_INK;1878;24;;;;;1881;24;;;;;1879.5;-1022.556640625
1;20300;RAINFOREST_RESIN;9992;25;;;;;10008;25;;;;;10000.0;308.0
1;20400;KELP;2033;28;;;;;2034;3;2036;28;;;2033.5;0.0
1;20400;SQUID_INK;1879;28;;;;;1880;3;1882;1;1883;27;1879.5;-1041.501953125
1;20400;RAINFOREST_RESIN;9997;6;9992;27;;;10008;27;;;;;10002.5;308.0
1;20500;SQUID_INK;1879;25;;;;;1880;7;1883;26;;;1879.5;-1044.58203125
1;20500;RAINFOREST_RESIN;9992;31;;;;;10008;31;;;;;10000.0;308.0
1;20500;KELP;2033;18;;;;;2036;1;2037;25;;;2034.5;0.0
1;20600;RAINFOREST_RESIN;10001;1;9992;33;;;10008;33;;;;;10004.5;308.0
1;20600;KELP;2033;25;;;;;2036;25;;;;;2034.5;0.0
1;20600;SQUID_INK;1881;25;;;;;1884;25;;;;;1882.5;-1047.1328125
1;20700;KELP;2035;2;2033;33;;;2036;30;;;;;2035.5;0.0
1;20700;SQUID_INK;1881;2;1880;33;;;1883;30;;;;;1882.0;-1038.39453125
1;20700;RAINFOREST_RESIN;9992;29;;;;;10008;29;;;;;10000.0;309.0
1;20800;KELP;2033;26;;;;;2036;26;;;;;2034.5;0.0
1;20800;SQUID_INK;1878;26;;;;;1881;26;;;;;1879.5;-1021.6015625
1;20800;RAINFOREST_RESIN;9992;31;;;;;9999;1;10008;31;;;9995.5;309.0
1;20900;SQUID_INK;1877;1;1876;29;;;1880;31;;;;;1878.5;-1010.126953125
1;20900;RAINFOREST_RESIN;9992;28;;;;;10008;28;;;;;10000.0;310.0
1;20900;KELP;2033;30;;;;;2036;31;;;;;2034.5;0.0
1;21000;RAINFOREST_RESIN;10001;1;9992;31;;;10008;31;;;;;10004.5;310.0
1;21000;KELP;2033;26;;;;;2036;26;;;;;2034.5;0.0
1;21000;SQUID_INK;1877;26;;;;;1880;26;;;;;1878.5;-1012.064453125
1;21100;KELP;2033;28;;;;;2034;2;2036;28;;;2033.5;0.0
1;21100;SQUID_INK;1877;28;;;;;1878;2;1880;28;;;1877.5;-1013.34765625
1;21100;RAINFOREST_RESIN;9992;35;;;;;10003;6;10008;35;;;9997.5;311.0
1;21200;KELP;2035;1;2033;29;;;2036;29;;;;;2035.5;0.0
1;21200;SQUID_INK;1879;1;1877;29;;;1880;29;;;;;1879.5;-1060.953125
1;21200;RAINFOREST_RESIN;9992;28;;;;;10008;28;;;;;10000.0;311.0
1;21300;SQUID_INK;1877;22;;;;;1879;2;1880;22;;;1878.0;-1068.640625
1;21300;RAINFOREST_RESIN;9992;27;;;;;10008;27;;;;;10000.0;311.0
1;21300;KELP;2033;22;;;;;2035;2;2036;22;;;2034.0;0.0
1;21400;RAINFOREST_RESIN;9992;26;;;;;10008;26;;;;;10000.0;311.0
1;21400;KELP;2033;30;;;;;2036;30;;;;;2034.5;0.0
1;21400;SQUID_INK;1877;30;;;;;1880;30;;;;;1878.5;-1057.1875
1;21500;KELP;2032;28;;;;;2033;5;2036;30;;;2032.5;0.0
1;21500;SQUID_INK;1876;23;;;;;1879;30;;;;;1877.5;-1019.203125
1;21500;RAINFOREST_RESIN;9992;25;;;;;10008;25;;;;;10000.0;311.0
1;21600;KELP;2033;22;;;;;2036;22;;;;;2034.5;0.0
1;21600;SQUID_INK;1875;22;;;;;1878;2;1879;20;;;1876.5;-996.5234375
1;21600;RAINFOREST_RESIN;9997;4;9992;33;;;10008;33;;;;;10002.5;311.0
1;21700;SQUID_INK;1875;4;1874;27;;;1877;27;;;;;1876.0;-957.8828125
1;21700;RAINFOREST_RESIN;9992;29;;;;;10008;29;;;;;10000.0;311.0
1;21700;KELP;2033;31;;;;;2036;27;;;;;2034.5;0.0
1;21800;RAINFOREST_RESIN;9997;4;9992;25;;;10008;25;;;;;10002.5;311.0
1;21800;KELP;2033;26;;;;;2036;26;;;;;2034.5;0.0
1;21800;SQUID_INK;1875;26;;;;;1878;26;;;;;1876.5;-971.421875
1;21900;KELP;2032;27;;;;;2036;27;;;;;2034.0;0.0
1;21900;RAINFOREST_RESIN;9992;28;;;;;9999;1;10008;28;;;9995.5;311.0
1;21900;SQUID_INK;1875;27;;;;;1878;27;;;;;1876.5;-983.1953125
1;22000;KELP;2032;22;;;;;2036;22;;;;;2034.0;0.0
1;22000;SQUID_INK;1875;22;;;;;1878;22;;;;;1876.5;-982.09375
1;22000;RAINFOREST_RESIN;9997;2;9992;27;;;10008;27;;;;;10002.5;312.0
1;22100;RAINFOREST_RESIN;10000;2;9992;27;;;10008;27;;;;;10004.0;312.0
1;22100;SQUID_INK;1875;22;;;;;1877;4;1878;22;;;1876.0;-982.9609375
1;22100;KELP;2032;22;;;;;2034;4;2036;22;;;2033.0;0.0
1;22200;RAINFOREST_RESIN;9992;27;;;;;9999;1;10008;27;;;9995.5;312.0
1;22200;KELP;2033;26;;;;;2036;23;;;;;2034.5;0.0
1;22200;SQUID_INK;1874;26;;;;;1877;23;;;;;1875.5;-946.8359375
1;22300;KELP;2033;2;2032;28;;;2036;30;;;;;2034.5;0.0
1;22300;RAINFOREST_RESIN;9992;27;;;;;10008;27;;;;;10000.0;313.0
1;22300;SQUID_INK;1875;30;;;;;1878;30;;;;;1876.5;-983.75
1;22400;KELP;2033;1;2032;23;;;2036;24;;;;;2034.5;0.0
1;22400;SQUID_INK;1874;24;;;;;1877;24;;;;;1875.5;-950.2890625
1;22400;RAINFOREST_RESIN;9992;25;;;;;10008;25;;;;;10000.0;313.0
1;22500;RAINFOREST_RESIN;9992;28;;;;;10008;28;;;;;10000.0;313.0
1;22500;SQUID_INK;1875;1;1872;27;;;1876;27;;;;;1875.5;-891.578125
1;22500;KELP;2035;1;2032;27;;;2036;27;;;;;2035.5;0.0
1;22600;RAINFOREST_RESIN;9992;34;;;;;10003;2;10008;34;;;9997.5;313.0
1;22600;KELP;2035;1;2034;4;2033;5;2036;26;;;;;2035.5;0.0
1;22600;SQUID_INK;1875;1;1874;4;1873;30;1876;26;;;;;1875.5;-901.8828125
1;22700;KELP;2032;26;;;;;2036;26;;;;;2034.0;0.0
1;22700;RAINFOREST_RESIN;9992;34;;;;;10008;34;;;;;10000.0;313.0
1;22700;SQUID_INK;1874;26;;;;;1877;26;;;;;1875.5;-941.0703125
1;22800;KELP;2032;27;;;;;2036;27;;;;;2034.0;0.0
1;22800;SQUID_INK;1873;27;;;;;1876;27;;;;;1874.5;-918.6015625
1;22800;RAINFOREST_RESIN;9992;27;;;;;10008;27;;;;;10000.0;313.0
1;22900;RAINFOREST_RESIN;9992;31;;;;;10008;31;;;;;10000.0;313.0
1;22900;SQUID_INK;1874;22;;;;;1876;4;1877;23;;;1875.0;-946.4765625
1;22900;KELP;2032;23;;;;;2033;1;2034;4;2036;23;2032.5;0.0
1;23000;RAINFOREST_RESIN;9992;28;;;;;9998;3;10008;28;;;9995.0;313.0
1;23000;SQUID_INK;1878;1;1876;21;;;1879;21;;;;;1878.5;-1028.28125
1;23000;KELP;2035;1;2032;21;;;2036;21;;;;;2035.5;0.0
1;23100;KELP;2033;7;2032;28;;;2036;28;;;;;2034.5;0.0
1;23100;RAINFOREST_RESIN;9992;26;;;;;10008;26;;;;;10000.0;319.0
1;23100;SQUID_INK;1876;35;;;;;1879;28;;;;;1877.5;-1013.1484375
1;23200;SQUID_INK;1876;26;;;;;1879;25;;;;;1877.5;-1061.2421875
1;23200;KELP;2033;1;2032;25;;;2036;25;;;;;2034.5;0.0
1;23200;RAINFOREST_RESIN;9992;29;;;;;10008;29;;;;;10000.0;319.0
1;23300;RAINFOREST_RESIN;9992;35;;;;;10008;35;;;;;10000.0;319.0
1;23300;SQUID_INK;1878;23;;;;;1881;23;;;;;1879.5;-1080.462890625
1;23300;KELP;2032;23;;;;;2036;23;;;;;2034.0;0.0
1;23400;RAINFOREST_RESIN;10002;3;9992;25;;;10008;25;;;;;10005.0;319.0
1;23400;SQUID_INK;1879;30;;;;;1882;30;;;;;1880.5;-1088.125
1;23400;KELP;2033;1;2032;29;;;2036;30;;;;;2034.5;0.0
1;23500;KELP;2033;3;2032;31;;;2036;31;;;;;2034.5;0.0
1;23500;RAINFOREST_RESIN;10002;5;9992;29;;;10008;29;;;;;10005.0;325.0
1;23500;SQUID_INK;1879;3;1878;31;;;1881;1;1882;30;;;1880.0;-1082.525390625
1;23600;SQUID_INK;1878;26;;;;;1881;2;1882;25;;;1879.5;-1082.15625
1;23600;KELP;2032;27;;;;;2033;1;2036;27;;;2032.5;0.0
1;23600;RAINFOREST_RESIN;9997;5;9992;34;;;10008;34;;;;;10002.5;335.0
1;23700;RAINFOREST_RESIN;10001;1;9992;28;;;10003;8;10008;28;;;10002.0;335.0
1;23700;SQUID_INK;1881;1;1879;21;;;1882;21;;;;;1881.5;-1086.578125
1;23700;KELP;2034;1;2032;21;;;2035;1;2036;20;;;2034.5;0.0
1;23800;RAINFOREST_RESIN;9992;32;;;;;10008;32;;;;;10000.0;336.0
1;23800;SQUID_INK;1879;22;;;;;1882;22;;;;;1880.5;-1090.78515625
1;23800;KELP;2032;22;;;;;2036;22;;;;;2034.0;0.0
1;23900;KELP;2032;27;;;;;2036;27;;;;;2034.0;0.0
1;23900;RAINFOREST_RESIN;9992;34;;;;;9999;1;10008;34;;;9995.5;336.0
1;23900;SQUID_INK;1879;27;;;;;1883;27;;;;;1881.0;-1091.314453125
1;24000;SQUID_INK;1877;35;;;;;1880;29;;;;;1878.5;-1070.806640625
1;24000;KELP;2033;6;2032;29;;;2036;29;;;;;2034.5;0.0
1;24000;RAINFOREST_RESIN;10001;1;9992;29;;;10008;29;;;;;10004.5;337.0
1;24100;RAINFOREST_RESIN;9992;33;;;;;10008;33;;;;;10000.0;338.0
1;24100;SQUID_INK;1876;22;;;;;1880;22;;;;;1878.0;-1064.828125
1;24100;KELP;2032;22;;;;;2036;22;;;;;2034.0;0.0
1;24200;RAINFOREST_RESIN;9992;29;;;;;10003;4;10008;29;;;9997.5;338.0
1;24200;SQUID_INK;1874;24;;;;;1875;8;1877;24;;;1874.5;-1039.9453125
1;24200;KELP;2032;24;;;;;2034;8;2036;24;;;2033.0;0.0
1;24300;KELP;2032;26;;;;;2034;5;2036;27;;;2033.0;0.0
1;24300;RAINFOREST_RESIN;9992;25;;;;;10008;25;;;;;10000.0;338.0
1;24300;SQUID_INK;1874;27;;;;;1875;1;1876;5;1878;27;1874.5;-1095.12109375
1;24400;SQUID_INK;1876;8;1875;29;;;1878;29;;;;;1877.0;-1122.22265625
1;24400;KELP;2033;8;2032;29;;;2036;29;;;;;2034.5;0.0
1;24400;RAINFOREST_RESIN;9992;35;;;;;10008;35;;;;;10000.0;338.0
1;24500;RAINFOREST_RESIN;9992;33;;;;;10008;33;;;;;10000.0;338.0
1;24500;SQUID_INK;1876;26;;;;;1879;26;;;;;1877.5;-1138.02734375
1;24500;KELP;2032;26;;;;;2036;26;;;;;2034.0;0.0
1;24600;RAINFOREST_RESIN;9992;32;;;;;10008;32;;;;;10000.0;338.0
1;24600;SQUID_INK;1877;24;;;;;1880;24;;;;;1878.5;-1182.85546875
1;24600;KELP;2032;24;;;;;2036;24;;;;;2034.0;0.0
1;24700;KELP;2033;22;;;;;2036;22;;;;;2034.5;0.0
1;24700;RAINFOREST_RESIN;9992;29;;;;;10008;29;;;;;10000.0;338.0
1;24700;SQUID_INK;1878;22;;;;;1881;22;;;;;1879.5;-1209.05859375
1;24800;SQUID_INK;1878;28;;;;;1882;28;;;;;1880.0;-1223.578125
1;24800;KELP;2033;28;;;;;2036;28;;;;;2034.5;0.0
1;24800;RAINFOREST_RESIN;9997;2;9992;27;;;10008;27;;;;;10002.5;338.0
1;24900;RAINFOREST_RESIN;9992;29;;;;;10003;3;10008;29;;;9997.5;338.0
1;24900;SQUID_INK;1879;24;;;;;1883;24;;;;;1881.0;-1288.5205078125
1;24900;KELP;2032;24;;;;;2036;24;;;;;2034.0;0.0
1;25000;RAINFOREST_RESIN;10001;1;9992;31;;;10008;31;;;;;10004.5;338.0
1;25000;SQUID_INK;1877;28;;;;;1881;28;;;;;1879.0;-1277.8408203125
1;25000;KELP;2033;1;2032;27;;;2036;28;;;;;2034.5;0.0
1;25100;KELP;2033;27;;;;;2036;27;;;;;2034.5;0.0
1;25100;RAINFOREST_RESIN;9992;32;;;;;10008;32;;;;;10000.0;339.0
1;25100;SQUID_INK;1877;27;;;;;1880;27;;;;;1878.5;-1276.3232421875
1;25200;SQUID_INK;1876;32;;;;;1877;4;1879;26;;;1876.5;-1271.150390625
1;25200;KELP;2033;32;;;;;2034;4;2036;26;;;2033.5;0.0
1;25200;RAINFOREST_RESIN;9992;26;;;;;10008;26;;;;;10000.0;339.0
1;25300;RAINFOREST_RESIN;9992;31;;;;;10008;31;;;;;10000.0;339.0
1;25300;SQUID_INK;1877;22;;;;;1880;22;;;;;1878.5;-1275.3916015625
1;25300;KELP;2033;22;;;;;2036;22;;;;;2034.5;0.0
1;25400;RAINFOREST_RESIN;9992;25;;;;;10008;25;;;;;10000.0;339.0
1;25400;SQUID_INK;1876;29;;;;;1879;29;;;;;1877.5;-1270.431640625
1;25400;KELP;2033;29;;;;;2036;29;;;;;2034.5;0.0
1;25500;KELP;2033;24;;;;;2035;6;2036;24;;;2034.0;0.0
1;25500;RAINFOREST_RESIN;9992;30;;;;;10008;30;;;;;10000.0;339.0
1;25500;SQUID_INK;1876;1;1875;23;;;1877;6;1879;24;;;1876.5;-1300.7734375
1;25600;SQUID_INK;1874;24;;;;;1876;6;1877;24;;;1875.0;-1244.01953125
1;25600;KELP;2033;24;;;;;2035;6;2036;24;;;2034.0;0.0
1;25600;RAINFOREST_RESIN;9997;5;9992;29;;;10008;29;;;;;10002.5;339.0
1;25700;RAINFOREST_RESIN;9992;28;;;;;10008;28;;;;;10000.0;339.0
1;25700;SQUID_INK;1874;25;;;;;1877;25;;;;;1875.5;-1253.71484375
1;25700;KELP;2033;25;;;;;2036;25;;;;;2034.5;0.0
1;25800;RAINFOREST_RESIN;10001;1;9992;29;;;10008;29;;;;;10004.5;339.0
1;25800;SQUID_INK;1873;29;;;;;1876;29;;;;;1874.5;-1212.91015625
1;25800;KELP;2033;2;2032;27;;;2036;29;;;;;2034.5;0.0
1;25900;KELP;2033;29;;;;;2036;29;;;;;2034.5;0.0
1;25900;RAINFOREST_RESIN;9992;34;;;;;10008;34;;;;;10000.0;340.0
1;25900;SQUID_INK;1872;29;;;;;1875;2;1876;27;;;1873.5;-1191.41796875
1;26000;SQUID_INK;1874;1;1872;27;;;1875;27;;;;;1874.5;-1170.28125
1;26000;RAINFOREST_RESIN;9992;28;;;;;10003;4;10008;28;;;9997.5;340.0
1;26000;KELP;2035;1;2033;27;;;2036;27;;;;;2035.5;0.0
1;26100;SQUID_INK;1874;1;1872;27;;;1875;25;;;;;1874.5;-1176.9375
1;26100;KELP;2035;1;2033;27;;;2036;25;;;;;2035.5;0.0
1;26100;RAINFOREST_RESIN;9992;28;;;;;10008;28;;;;;10000.0;340.0
1;26200;SQUID_INK;1870;29;;;;;1873;2;1874;27;;;1871.5;-1125.41796875
1;26200;RAINFOREST_RESIN;9992;35;;;;;10003;2;10008;35;;;9997.5;340.0
1;26200;KELP;2033;29;;;;;2036;29;;;;;2034.5;0.0
1;26300;KELP;2033;25;;;;;2036;26;;;;;2034.5;0.0
1;26300;SQUID_INK;1869;25;;;;;1872;26;;;;;1870.5;-1088.02734375
1;26300;RAINFOREST_RESIN;10002;5;9992;31;;;10008;31;;;;;10005.0;340.0
1;26400;RAINFOREST_RESIN;9992;35;;;;;10008;35;;;;;10000.0;350.0
1;26400;KELP;2033;27;;;;;2036;27;;;;;2034.5;0.0
1;26400;SQUID_INK;1868;27;;;;;1872;27;;;;;1870.0;-1056.75390625
1;26500;KELP;2033;22;;;;;2036;22;;;;;2034.5;0.0
1;26500;SQUID_INK;1869;22;;;;;1872;22;;;;;1870.5;-1078.0078125
1;26500;RAINFOREST_RESIN;9992;26;;;;;10008;26;;;;;10000.0;350.0
1;26600;SQUID_INK;1870;31;;;;;1873;31;;;;;1871.5;-1116.77734375
1;26600;RAINFOREST_RESIN;9992;29;;;;;10008;29;;;;;10000.0;350.0
1;26600;KELP;2033;31;;;;;2036;31;;;;;2034.5;0.0
1;26700;KELP;2035;1;2033;34;;;2036;26;;;;;2035.5;0.0
1;26700;SQUID_INK;1872;1;1871;8;1870;26;1873;26;;;;;1872.5;-1118.66015625
1;26700;RAINFOREST_RESIN;9992;31;;;;;10008;31;;;;;10000.0;350.0
1;26800;RAINFOREST_RESIN;9992;26;;;;;10008;26;;;;;10000.0;350.0
1;26800;KELP;2033;20;;;;;2036;20;;;;;2034.5;0.0
1;26800;SQUID_INK;1871;20;;;;;1874;20;;;;;1872.5;-1141.91796875
1;26900;KELP;2033;22;;;;;2036;22;;;;;2034.5;0.0
1;26900;SQUID_INK;1874;22;;;;;1877;22;;;;;1875.5;-1236.51171875
1;26900;RAINFOREST_RESIN;9992;35;;;;;10008;35;;;;;10000.0;350.0
1;27000;SQUID_INK;1874;27;;;;;1876;6;1877;27;;;1875.0;-1277.607421875
1;27000;RAINFOREST_RESIN;9992;32;;;;;10008;32;;;;;10000.0;350.0
1;27000;KELP;2033;27;;;;;2035;6;2036;27;;;2034.0;0.0
1;27100;KELP;2035;1;2033;29;;;2036;29;;;;;2035.5;0.0
1;27100;SQUID_INK;1876;1;1874;29;;;1877;29;;;;;1876.5;-1283.1015625
1;27100;RAINFOREST_RESIN;9992;26;;;;;10008;26;;;;;10000.0;350.0
1;27200;RAINFOREST_RESIN;9992;26;;;;;10008;26;;;;;10000.0;350.0
1;27200;KELP;2035;1;2033;32;;;2036;25;;;;;2035.5;0.0
1;27200;SQUID_INK;1874;1;1873;7;1872;25;1875;25;;;;;1874.5;-1258.76953125
1;27300;KELP;2033;24;;;;;2036;25;;;;;2034.5;0.0
1;27300;SQUID_INK;1872;24;;;;;1875;25;;;;;1873.5;-1254.30078125
1;27300;RAINFOREST_RESIN;10001;1;9992;28;;;10008;28;;;;;10004.5;350.0
1;27400;SQUID_INK;1873;6;1872;1;1871;22;1875;23;;;;;1874.0;-1250.30859375
1;27400;RAINFOREST_RESIN;9992;30;;;;;9997;9;10008;30;;;9994.5;351.0
1;27400;KELP;2034;6;2033;23;;;2036;23;;;;;2035.0;0.0
1;27500;SQUID_INK;1873;30;;;;;1876;30;;;;;1874.5;-1262.97265625
1;27500;KELP;2033;30;;;;;2037;30;;;;;2035.0;0.0
1;27500;RAINFOREST_RESIN;9992;33;;;;;9998;3;10003;5;10008;33;9995.0;378.0
1;27600;RAINFOREST_RESIN;9992;26;;;;;10008;26;;;;;10000.0;384.0
1;27600;KELP;2036;1;2034;6;2033;28;2037;28;;;;;2036.5;0.0
1;27600;SQUID_INK;1875;1;1873;34;;;1876;28;;;;;1875.5;-1268.0859375
1;27700;SQUID_INK;1873;2;1872;30;;;1876;32;;;;;1874.5;-1262.361328125
1;27700;KELP;2033;32;;;;;2037;32;;;;;2035.0;0.0
1;27700;RAINFOREST_RESIN;9992;25;;;;;10008;25;;;;;10000.0;384.0
1;27800;SQUID_INK;1873;27;;;;;1876;22;;;;;1874.5;-1271.68359375
1;27800;RAINFOREST_RESIN;9992;29;;;;;10008;29;;;;;10000.0;384.0
1;27800;KELP;2034;5;2033;22;;;2037;22;;;;;2035.5;0.0
1;27900;SQUID_INK;1876;29;;;;;1878;8;1879;29;;;1877.0;-1309.2734375
1;27900;KELP;2033;29;;;;;2035;8;2037;29;;;2034.0;0.0
1;27900;RAINFOREST_RESIN;9992;25;;;;;10008;25;;;;;10000.0;384.0
1;28000;RAINFOREST_RESIN;9992;30;;;;;10003;2;10008;30;;;9997.5;384.0
1;28000;KELP;2034;4;2033;22;;;2037;22;;;;;2035.5;0.0
1;28000;SQUID_INK;1876;26;;;;;1879;22;;;;;1877.5;-1314.724609375
1;28100;SQUID_INK;1877;21;;;;;1880;21;;;;;1878.5;-1322.04296875
1;28100;KELP;2033;21;;;;;2037;21;;;;;2035.0;0.0
1;28100;RAINFOREST_RESIN;10002;5;9992;35;;;10008;35;;;;;10005.0;384.0
1;28200;SQUID_INK;1874;23;;;;;1878;23;;;;;1876.0;-1307.349609375
1;28200;RAINFOREST_RESIN;9992;33;;;;;10008;33;;;;;10000.0;394.0
1;28200;KELP;2034;23;;;;;2037;23;;;;;2035.5;0.0
1;28300;SQUID_INK;1875;30;;;;;1879;30;;;;;1877.0;-1312.837890625
1;28300;KELP;2034;30;;;;;2037;30;;;;;2035.5;0.0
1;28300;RAINFOREST_RESIN;9992;28;;;;;10008;28;;;;;10000.0;394.0
1;28400;RAINFOREST_RESIN;9992;32;;;;;10008;32;;;;;10000.0;394.0
1;28400;KELP;2034;20;;;;;2037;20;;;;;2035.5;0.0
1;28400;SQUID_INK;1875;20;;;;;1878;20;;;;;1876.5;-1311.2353515625
1;28500;KELP;2034;33;;;;;2037;30;;;;;2035.5;0.0
1;28500;SQUID_INK;1875;33;;;;;1878;30;;;;;1876.5;-1310.115234375
1;28500;RAINFOREST_RESIN;9992;27;;;;;10008;27;;;;;10000.0;394.0
1;28600;KELP;2034;1;2033;26;;;2035;5;2037;28;;;2034.5;0.0
1;28600;SQUID_INK;1876;27;;;;;1877;5;1879;28;;;1876.5;-1317.609375
1;28600;RAINFOREST_RESIN;9992;30;;;;;10008;30;;;;;10000.0;394.0
1;28700;SQUID_INK;1877;23;;;;;1880;24;;;;;1878.5;-1323.3603515625
1;28700;RAINFOREST_RESIN;9992;31;;;;;10003;5;10008;31;;;9997.5;394.0
1;28700;KELP;2034;1;2033;22;;;2037;24;;;;;2035.5;0.0
1;28800;RAINFOREST_RESIN;9992;33;;;;;10008;33;;;;;10000.0;394.0
1;28800;KELP;2033;21;;;;;2037;21;;;;;2035.0;0.0
1;28800;SQUID_INK;1877;21;;;;;1880;21;;;;;1878.5;-1323.1796875
1;28900;KELP;2034;1;2033;23;;;2037;23;;;;;2035.5;0.0
1;28900;SQUID_INK;1878;24;;;;;1881;23;;;;;1879.5;-1328.447265625
1;28900;RAINFOREST_RESIN;9992;29;;;;;10008;29;;;;;10000.0;394.0
1;29000;KELP;2033;26;;;;;2037;26;;;;;2035.0;0.0
1;29000;SQUID_INK;1878;26;;;;;1882;26;;;;;1880.0;-1330.966796875
1;29000;RAINFOREST_RESIN;9992;31;;;;;10008;31;;;;;10000.0;394.0
1;29100;SQUID_INK;1879;23;;;;;1882;23;;;;;1880.5;-1334.7890625
1;29100;RAINFOREST_RESIN;10002;5;9992;32;;;10008;32;;;;;10005.0;394.0
1;29100;KELP;2033;23;;;;;2037;23;;;;;2035.0;0.0
1;29200;RAINFOREST_RESIN;10001;1;9992;34;;;10008;34;;;;;10004.5;404.0
1;29200;KELP;2033;23;;;;;2037;23;;;;;2035.0;0.0
1;29200;SQUID_INK;1880;23;;;;;1883;23;;;;;1881.5;-1339.1845703125
1;29300;KELP;2034;23;;;;;2037;23;;;;;2035.5;0.0
1;29300;SQUID_INK;1879;23;;;;;1882;23;;;;;1880.5;-1332.1005859375
1;29300;RAINFOREST_RESIN;9992;25;;;;;10008;25;;;;;10000.0;405.0
1;29400;KELP;2034;25;;;;;2037;25;;;;;2035.5;0.0
1;29400;SQUID_INK;1880;25;;;;;1883;25;;;;;1881.5;-1338.365234375
1;29400;RAINFOREST_RESIN;9992;34;;;;;10008;34;;;;;10000.0;405.0
1;29500;SQUID_INK;1880;19;;;;;1883;20;;;;;1881.5;-1340.455078125
1;29500;RAINFOREST_RESIN;9992;30;;;;;10003;8;10008;30;;;9997.5;405.0
1;29500;KELP;2034;19;;;;;2037;20;;;;;2035.5;0.0
1;29600;RAINFOREST_RESIN;9992;29;;;;;10008;29;;;;;10000.0;405.0
1;29600;KELP;2034;27;;;;;2035;4;2037;27;;;2034.5;0.0
1;29600;SQUID_INK;1880;27;;;;;1881;4;1883;27;;;1880.5;-1340.853515625
1;29700;KELP;2034;23;;;;;2036;8;2037;23;;;2035.0;0.0
1;29700;SQUID_INK;1880;1;1879;22;;;1881;8;1883;23;;;1880.5;-1337.771484375
1;29700;RAINFOREST_RESIN;10001;1;9992;27;;;10008;27;;;;;10004.5;405.0
1;29800;KELP;2036;1;2034;4;2033;25;2037;25;;;;;2036.5;0.0
1;29800;SQUID_INK;1882;1;1880;29;;;1883;25;;;;;1882.5;-1340.4892578125
1;29800;RAINFOREST_RESIN;9992;30;;;;;10008;30;;;;;10000.0;406.0
1;29900;SQUID_INK;1880;32;;;;;1883;2;1884;30;;;1881.5;-1342.5068359375
1;29900;RAINFOREST_RESIN;9992;34;;;;;10008;34;;;;;10000.0;406.0
1;29900;KELP;2034;32;;;;;2037;32;;;;;2035.5;0.0
1;30000;RAINFOREST_RESIN;9992;32;;;;;9998;3;10008;32;;;9995.0;406.0
1;30000;KELP;2034;6;2033;23;;;2037;25;;;;;2035.5;0.0
1;30000;SQUID_INK;1881;29;;;;;1884;25;;;;;1882.5;-1344.607421875
1;30100;KELP;2034;1;2033;20;;;2037;21;;;;;2035.5;0.0
1;30100;SQUID_INK;1882;21;;;;;1885;21;;;;;1883.5;-1350.7880859375
1;30100;RAINFOREST_RESIN;9992;35;;;;;10008;35;;;;;10000.0;412.0
1;30200;KELP;2034;30;;;;;2037;30;;;;;2035.5;0.0
1;30200;SQUID_INK;1881;30;;;;;1884;30;;;;;1882.5;-1345.3701171875
1;30200;RAINFOREST_RESIN;9992;29;;;;;10008;29;;;;;10000.0;412.0
1;30300;SQUID_INK;1882;2;1881;29;;;1883;1;1885;31;;;1882.5;-1349.53125
1;30300;RAINFOREST_RESIN;9992;30;;;;;10008;30;;;;;10000.0;412.0
1;30300;KELP;2034;31;;;;;2036;1;2037;31;;;2035.0;0.0
1;30400;RAINFOREST_RESIN;9992;30;;;;;10008;30;;;;;10000.0;412.0
1;30400;KELP;2035;5;2034;30;;;2036;3;2037;30;;;2035.5;0.0
1;30400;SQUID_INK;1884;2;1882;30;;;1885;30;;;;;1884.5;-1352.33203125
1;30500;KELP;2034;35;;;;;2037;30;;;;;2035.5;0.0
1;30500;SQUID_INK;1882;7;1881;28;;;1885;30;;;;;1883.5;-1349.546875
1;30500;RAINFOREST_RESIN;9992;33;;;;;10008;33;;;;;10000.0;412.0
1;30600;KELP;2034;32;;;;;2036;7;2037;32;;;2035.0;0.0
1;30600;SQUID_INK;1882;32;;;;;1884;7;1885;32;;;1883.0;-1351.6962890625
1;30600;RAINFOREST_RESIN;9992;34;;;;;10008;34;;;;;10000.0;412.0
1;30700;SQUID_INK;1882;29;;;;;1885;29;;;;;1883.5;-1352.408203125
1;30700;RAINFOREST_RESIN;10000;2;9992;32;;;10008;32;;;;;10004.0;412.0
1;30700;KELP;2034;29;;;;;2037;29;;;;;2035.5;0.0
1;30800;RAINFOREST_RESIN;9997;7;9992;26;;;10008;26;;;;;10002.5;412.0
1;30800;KELP;2034;31;;;;;2037;31;;;;;2035.5;0.0
1;30800;SQUID_INK;1881;31;;;;;1884;31;;;;;1882.5;-1346.7783203125
1;30900;KELP;2034;21;;;;;2036;7;2037;21;;;2035.0;0.0
1;30900;RAINFOREST_RESIN;9997;8;9992;29;;;10008;29;;;;;10002.5;412.0
1;30900;SQUID_INK;1881;21;;;;;1883;7;1884;21;;;1882.0;-1345.2080078125
1;31000;KELP;2036;6;2034;28;;;2037;28;;;;;2036.5;0.0
1;31000;SQUID_INK;1883;6;1881;28;;;1884;28;;;;;1883.5;-1379.84765625
1;31000;RAINFOREST_RESIN;9992;27;;;;;10008;27;;;;;10000.0;412.0
1;31100;RAINFOREST_RESIN;9992;28;;;;;10008;28;;;;;10000.0;412.0
1;31100;SQUID_INK;1881;14;;;;;1884;23;;;;;1882.5;-1368.4609375
1;31100;KELP;2034;14;;;;;2037;23;;;;;2035.5;0.0
1;31200;RAINFOREST_RESIN;9992;26;;;;;10008;26;;;;;10000.0;412.0
1;31200;KELP;2034;21;;;;;2036;8;2037;22;;;2035.0;0.0
1;31200;SQUID_INK;1881;21;;;;;1882;8;1884;22;;;1881.5;-1369.81640625
1;31300;KELP;2034;22;;;;;2037;22;;;;;2035.5;0.0
1;31300;RAINFOREST_RESIN;9992;30;;;;;10008;30;;;;;10000.0;412.0
1;31300;SQUID_INK;1881;22;;;;;1884;22;;;;;1882.5;-1371.53515625
1;31400;KELP;2034;22;;;;;2037;22;;;;;2035.5;0.0
1;31400;SQUID_INK;1881;22;;;;;1884;22;;;;;1882.5;-1385.6015625
1;31400;RAINFOREST_RESIN;9992;32;;;;;10008;32;;;;;10000.0;412.0
1;31500;RAINFOREST_RESIN;9992;25;;;;;9998;5;10008;25;;;9995.0;412.0
1;31500;SQUID_INK;1881;22;;;;;1885;22;;;;;1883.0;-1390.92578125
1;31500;KELP;2034;22;;;;;2037;22;;;;;2035.5;0.0
1;31600;RAINFOREST_RESIN;9992;28;;;;;10008;28;;;;;10000.0;422.0
1;31600;KELP;2034;24;;;;;2037;24;;;;;2035.5;0.0
1;31600;SQUID_INK;1882;24;;;;;1885;24;;;;;1883.5;-1408.4453125
1;31700;KELP;2034;29;;;;;2038;29;;;;;2036.0;0.0
1;31700;RAINFOREST_RESIN;9997;8;9992;26;;;10008;26;;;;;10002.5;422.0
1;31700;SQUID_INK;1883;29;;;;;1886;29;;;;;1884.5;-1436.99609375
1;31800;KELP;2036;2;2034;24;;;2037;2;2038;22;;;2036.5;0.0
1;31800;SQUID_INK;1884;2;1882;24;;;1885;2;1886;22;;;1884.5;-1476.243896484375
1;31800;RAINFOREST_RESIN;9992;30;;;;;10008;30;;;;;10000.0;422.0
1;31900;RAINFOREST_RESIN;9992;33;;;;;10008;33;;;;;10000.0;422.0
1;31900;SQUID_INK;1882;34;;;;;1885;28;;;;;1883.5;-1476.63525390625
1;31900;KELP;2034;34;;;;;2037;28;;;;;2035.5;0.0
1;32000;RAINFOREST_RESIN;9992;28;;;;;10008;28;;;;;10000.0;422.0
1;32000;SQUID_INK;1883;22;;;;;1886;22;;;;;1884.5;-1475.043212890625
1;32000;KELP;2034;22;;;;;2037;22;;;;;2035.5;0.0
1;32100;KELP;2034;25;;;;;2038;25;;;;;2036.0;0.0
1;32100;RAINFOREST_RESIN;9992;25;;;;;10008;25;;;;;10000.0;422.0
1;32100;SQUID_INK;1883;25;;;;;1887;25;;;;;1885.0;-1474.008056640625
1;32200;SQUID_INK;1885;25;;;;;1888;1;1889;24;;;1886.5;-1470.092041015625
1;32200;KELP;2034;25;;;;;2037;1;2038;24;;;2035.5;0.0
1;32200;RAINFOREST_RESIN;9992;31;;;;;10008;31;;;;;10000.0;422.0
1;32300;RAINFOREST_RESIN;9992;30;;;;;10008;30;;;;;10000.0;422.0
1;32300;SQUID_INK;1885;3;1884;32;;;1887;2;1888;30;;;1886.0;-1472.25
1;32300;KELP;2035;3;2034;32;;;2037;32;;;;;2036.0;0.0
1;32400;RAINFOREST_RESIN;9992;31;;;;;10008;31;;;;;10000.0;422.0
1;32400;SQUID_INK;1884;29;;;;;1887;29;;;;;1885.5;-1472.753173828125
1;32400;KELP;2034;29;;;;;2037;29;;;;;2035.5;0.0
1;32500;KELP;2035;1;2034;26;;;2038;26;;;;;2036.5;0.0
1;32500;RAINFOREST_RESIN;10001;1;9992;33;;;10008;33;;;;;10004.5;422.0
1;32500;SQUID_INK;1883;27;;;;;1886;26;;;;;1884.5;-1474.55810546875
1;32600;SQUID_INK;1883;28;;;;;1886;28;;;;;1884.5;-1474.55712890625
1;32600;KELP;2034;28;;;;;2038;28;;;;;2036.0;0.0
1;32600;RAINFOREST_RESIN;10000;5;9992;35;;;10008;35;;;;;10004.0;423.0
1;32700;RAINFOREST_RESIN;9997;6;9992;29;;;10008;29;;;;;10002.5;423.0
1;32700;SQUID_INK;1883;32;;;;;1886;32;;;;;1884.5;-1474.963623046875
1;32700;KELP;2034;32;;;;;2038;32;;;;;2036.0;0.0
1;32800;RAINFOREST_RESIN;9992;31;;;;;10008;31;;;;;10000.0;423.0
1;32800;SQUID_INK;1882;29;;;;;1886;29;;;;;1884.0;-1476.0439453125
1;32800;KELP;2034;29;;;;;2038;29;;;;;2036.0;0.0
1;32900;KELP;2034;21;;;;;2038;21;;;;;2036.0;0.0
1;32900;RAINFOREST_RESIN;9997;3;9992;27;;;10008;27;;;;;10002.5;423.0
1;32900;SQUID_INK;1882;21;;;;;1885;21;;;;;1883.5;-1524.203125
1;33000;SQUID_INK;1882;28;;;;;1884;4;1885;28;;;1883.0;-1521.5390625
1;33000;KELP;2034;28;;;;;2036;4;2038;28;;;2035.0;0.0
1;33000;RAINFOREST_RESIN;9992;35;;;;;10008;35;;;;;10000.0;423.0
1;33100;RAINFOREST_RESIN;9992;33;;;;;10008;33;;;;;10000.0;423.0
1;33100;SQUID_INK;1882;26;;;;;1885;26;;;;;1883.5;-1524.04296875
1;33100;KELP;2034;26;;;;;2037;1;2038;25;;;2035.5;0.0
1;33200;RAINFOREST_RESIN;9992;28;;;;;10008;28;;;;;10000.0;423.0
1;33200;SQUID_INK;1883;24;;;;;1885;5;1886;24;;;1884.0;-1544.81640625
1;33200;KELP;2034;24;;;;;2036;5;2037;1;2038;23;2035.0;0.0
1;33300;KELP;2034;31;;;;;2037;31;;;;;2035.5;0.0
1;33300;RAINFOREST_RESIN;9992;28;;;;;10008;28;;;;;10000.0;423.0
1;33300;SQUID_INK;1883;31;;;;;1886;31;;;;;1884.5;-1538.98828125
1;33400;SQUID_INK;1883;20;;;;;1885;2;1886;20;;;1884.0;-1555.62109375
1;33400;KELP;2034;20;;;;;2036;2;2038;20;;;2035.0;0.0
1;33400;RAINFOREST_RESIN;10000;2;9992;29;;;10008;29;;;;;10004.0;423.0
1;33500;RAINFOREST_RESIN;9992;34;;;;;10008;34;;;;;10000.0;423.0
1;33500;SQUID_INK;1884;23;;;;;1887;23;;;;;1885.5;-1573.703125
1;33500;KELP;2034;23;;;;;2037;2;2038;21;;;2035.5;0.0
1;33600;RAINFOREST_RESIN;9992;32;;;;;10008;32;;;;;10000.0;423.0
1;33600;SQUID_INK;1884;27;;;;;1887;27;;;;;1885.5;-1607.99462890625
1;33600;KELP;2034;27;;;;;2038;27;;;;;2036.0;0.0
1;33700;KELP;2034;26;;;;;2036;6;2037;1;2038;25;2035.0;0.0
1;33700;RAINFOREST_RESIN;9992;33;;;;;10008;33;;;;;10000.0;423.0
1;33700;SQUID_INK;1883;26;;;;;1885;6;1886;26;;;1884.0;-1605.041015625
1;33800;SQUID_INK;1882;21;;;;;1885;21;;;;;1883.5;-1601.86376953125
1;33800;KELP;2034;21;;;;;2038;21;;;;;2036.0;0.0
1;33800;RAINFOREST_RESIN;9992;34;;;;;10003;8;10008;34;;;9997.5;423.0
1;33900;RAINFOREST_RESIN;9992;31;;;;;10008;31;;;;;10000.0;423.0
1;33900;SQUID_INK;1883;1;1882;27;;;1886;28;;;;;1884.5;-1603.22900390625
1;33900;KELP;2034;28;;;;;2037;1;2038;27;;;2035.5;0.0
1;34000;RAINFOREST_RESIN;9992;28;;;;;10008;28;;;;;10000.0;423.0
1;34000;SQUID_INK;1886;1;1884;30;;;1887;30;;;;;1886.5;-1610.19580078125
1;34000;KELP;2036;1;2034;30;;;2038;30;;;;;2037.0;0.0
1;34100;KELP;2034;27;;;;;2038;27;;;;;2036.0;0.0
1;34100;RAINFOREST_RESIN;9992;32;;;;;10008;32;;;;;10000.0;423.0
1;34100;SQUID_INK;1884;27;;;;;1887;27;;;;;1885.5;-1609.7861328125
1;34200;SQUID_INK;1883;32;;;;;1886;32;;;;;1884.5;-1604.8056640625
1;34200;KELP;2034;32;;;;;2038;32;;;;;2036.0;0.0
1;34200;RAINFOREST_RESIN;9992;26;;;;;10008;26;;;;;10000.0;423.0
1;34300;RAINFOREST_RESIN;9992;34;;;;;10008;34;;;;;10000.0;423.0
1;34300;SQUID_INK;1884;28;;;;;1887;29;;;;;1885.5;-1610.1611328125
1;34300;KELP;2034;28;;;;;2037;1;2038;28;;;2035.5;0.0
1;34400;RAINFOREST_RESIN;9992;31;;;;;10008;31;;;;;10000.0;423.0
1;34400;SQUID_INK;1884;30;;;;;1887;30;;;;;1885.5;-1608.37841796875
1;34400;KELP;2034;30;;;;;2037;30;;;;;2035.5;0.0
1;34500;KELP;2034;24;;;;;2037;24;;;;;2035.5;0.0
1;34500;RAINFOREST_RESIN;9992;31;;;;;9998;3;10008;31;;;9995.0;423.0
1;34500;SQUID_INK;1884;24;;;;;1887;24;;;;;1885.5;-1608.92529296875
1;34600;SQUID_INK;1884;24;;;;;1888;24;;;;;1886.0;-1611.36865234375
1;34600;KELP;2034;24;;;;;2038;24;;;;;2036.0;0.0
1;34600;RAINFOREST_RESIN;9992;29;;;;;10003;3;10008;29;;;9997.5;429.0
1;34700;SQUID_INK;1886;9;1885;23;;;1889;25;;;;;1887.5;-1615.40966796875
1;34700;KELP;2034;32;;;;;2037;25;;;;;2035.5;0.0
1;34700;RAINFOREST_RESIN;9992;33;;;;;10008;33;;;;;10000.0;429.0
1;34800;SQUID_INK;1886;14;;;;;1889;24;;;;;1887.5;-1616.92529296875
1;34800;RAINFOREST_RESIN;9992;31;;;;;10008;31;;;;;10000.0;429.0
1;34800;KELP;2034;14;;;;;2037;24;;;;;2035.5;0.0
1;34900;KELP;2034;24;;;;;2037;24;;;;;2035.5;0.0
1;34900;RAINFOREST_RESIN;9992;33;;;;;10008;33;;;;;10000.0;429.0
1;34900;SQUID_INK;1886;24;;;;;1889;24;;;;;1887.5;-1617.470703125
1;35000;SQUID_INK;1887;29;;;;;1890;29;;;;;1888.5;-1621.32958984375
1;35000;RAINFOREST_RESIN;9992;35;;;;;10008;35;;;;;10000.0;429.0
1;35000;KELP;2034;29;;;;;2037;29;;;;;2035.5;0.0
1;35100;SQUID_INK;1887;23;;;;;1890;23;;;;;1888.5;-1620.6240234375
1;35100;KELP;2034;23;;;;;2037;23;;;;;2035.5;0.0
1;35100;RAINFOREST_RESIN;9992;25;;;;;9998;5;10008;25;;;9995.0;429.0
1;35200;SQUID_INK;1887;24;;;;;1889;3;1890;24;;;1888.0;-1621.19091796875
1;35200;RAINFOREST_RESIN;10001;1;9992;27;;;10008;27;;;;;10004.5;439.0
1;35200;KELP;2034;24;;;;;2036;3;2037;24;;;2035.0;0.0
1;35300;KELP;2034;31;;;;;2037;23;;;;;2035.5;0.0
1;35300;SQUID_INK;1886;31;;;;;1889;23;;;;;1887.5;-1616.82421875
1;35300;RAINFOREST_RESIN;9992;31;;;;;10008;31;;;;;10000.0;440.0
1;35400;RAINFOREST_RESIN;9992;28;;;;;10008;28;;;;;10000.0;440.0
1;35400;KELP;2034;27;;;;;2037;27;;;;;2035.5;0.0
1;35400;SQUID_INK;1886;27;;;;;1889;27;;;;;1887.5;-1617.10888671875
1;35500;KELP;2034;29;;;;;2037;29;;;;;2035.5;0.0
1;35500;SQUID_INK;1883;29;;;;;1886;29;;;;;1884.5;-1603.60498046875
1;35500;RAINFOREST_RESIN;9992;32;;;;;10008;32;;;;;10000.0;440.0
1;35600;SQUID_INK;1882;24;;;;;1885;24;;;;;1883.5;-1611.09375
1;35600;RAINFOREST_RESIN;9997;2;9992;32;;;10008;32;;;;;10002.5;440.0
1;35600;KELP;2034;24;;;;;2037;24;;;;;2035.5;0.0
1;35700;KELP;2034;31;;;;;2037;31;;;;;2035.5;0.0
1;35700;SQUID_INK;1882;31;;;;;1886;31;;;;;1884.0;-1632.6640625
1;35700;RAINFOREST_RESIN;10002;3;9992;25;;;10008;25;;;;;10005.0;440.0
1;35800;RAINFOREST_RESIN;9997;5;9992;28;;;10008;28;;;;;10002.5;446.0
1;35800;KELP;2034;29;;;;;2037;23;;;;;2035.5;0.0
1;35800;SQUID_INK;1884;29;;;;;1887;23;;;;;1885.5;-1675.2734375
1;35900;KELP;2034;30;;;;;2037;30;;;;;2035.5;0.0
1;35900;SQUID_INK;1882;30;;;;;1885;30;;;;;1883.5;-1627.328125
1;35900;RAINFOREST_RESIN;10001;1;9992;32;;;10008;32;;;;;10004.5;446.0
1;36000;SQUID_INK;1881;30;;;;;1882;2;1883;2;1884;30;1881.5;-1588.0546875
1;36000;RAINFOREST_RESIN;9992;34;;;;;10008;34;;;;;10000.0;447.0
1;36000;KELP;2034;30;;;;;2035;2;2036;2;2037;30;2034.5;0.0
1;36100;KELP;2034;23;;;;;2036;6;2037;23;;;2035.0;0.0
1;36100;SQUID_INK;1881;23;;;;;1883;6;1884;23;;;1882.0;-1576.56640625
1;36100;RAINFOREST_RESIN;9992;30;;;;;9999;1;10008;30;;;9995.5;447.0
1;36200;RAINFOREST_RESIN;9992;26;;;;;10008;26;;;;;10000.0;448.0
1;36200;KELP;2034;30;;;;;2037;30;;;;;2035.5;0.0
1;36200;SQUID_INK;1882;30;;;;;1885;30;;;;;1883.5;-1623.0859375
1;36300;SQUID_INK;1885;31;;;;;1888;31;;;;;1886.5;-1703.89453125
1;36300;KELP;2034;31;;;;;2037;31;;;;;2035.5;0.0
1;36300;RAINFOREST_RESIN;9992;26;;;;;9998;3;10008;26;;;9995.0;448.0
1;36400;SQUID_INK;1885;30;;;;;1888;29;;;;;1886.5;-1710.16015625
1;36400;RAINFOREST_RESIN;10001;1;9992;28;;;10008;28;;;;;10004.5;454.0
1;36400;KELP;2034;30;;;;;2037;29;;;;;2035.5;0.0
1;36500;SQUID_INK;1886;28;;;;;1889;29;;;;;1887.5;-1739.76953125
1;36500;KELP;2034;28;;;;;2037;29;;;;;2035.5;0.0
1;36500;RAINFOREST_RESIN;9992;29;;;;;10008;29;;;;;10000.0;455.0
1;36600;RAINFOREST_RESIN;9992;31;;;;;9998;4;10008;31;;;9995.0;455.0
1;36600;KELP;2034;31;;;;;2035;2;2037;31;;;2034.5;0.0
1;36600;SQUID_INK;1887;31;;;;;1888;2;1890;31;;;1887.5;-1793.8427734375
1;36700;SQUID_INK;1888;22;;;;;1891;22;;;;;1889.5;-1797.71484375
1;36700;KELP;2034;22;;;;;2037;22;;;;;2035.5;0.0
1;36700;RAINFOREST_RESIN;9997;8;9992;34;;;10008;34;;;;;10002.5;463.0
1;36800;SQUID_INK;1886;25;;;;;1889;25;;;;;1887.5;-1792.4560546875
1;36800;RAINFOREST_RESIN;9992;26;;;;;10008;26;;;;;10000.0;463.0
1;36800;KELP;2034;25;;;;;2037;25;;;;;2035.5;0.0
1;36900;SQUID_INK;1887;22;;;;;1890;22;;;;;1888.5;-1795.79248046875
1;36900;KELP;2034;22;;;;;2037;22;;;;;2035.5;0.0
1;36900;RAINFOREST_RESIN;9992;33;;;;;10008;33;;;;;10000.0;463.0
1;37000;RAINFOREST_RESIN;9992;33;;;;;10008;33;;;;;10000.0;463.0
1;37000;KELP;2034;22;;;;;2037;22;;;;;2035.5;0.0
1;37000;SQUID_INK;1887;22;;;;;1890;22;;;;;1888.5;-1796.205078125
1;37100;SQUID_INK;1889;5;1888;24;;;1891;24;;;;;1890.0;-1798.2587890625
1;37100;KELP;2035;5;2033;24;;;2037;24;;;;;2036.0;0.0
1;37100;RAINFOREST_RESIN;9992;33;;;;;10008;33;;;;;10000.0;463.0
1;37200;SQUID_INK;1887;29;;;;;1890;29;;;;;1888.5;-1795.25
1;37200;RAINFOREST_RESIN;9992;29;;;;;10008;29;;;;;10000.0;463.0
1;37200;KELP;2034;2;2033;27;;;2037;29;;;;;2035.5;0.0
1;37300;SQUID_INK;1886;23;;;;;1888;4;1889;23;;;1887.0;-1790.43115234375
1;37300;KELP;2033;23;;;;;2035;4;2037;23;;;2034.0;0.0
1;37300;RAINFOREST_RESIN;9992;30;;;;;10008;30;;;;;10000.0;463.0
1;37400;RAINFOREST_RESIN;9992;28;;;;;10008;28;;;;;10000.0;463.0
1;37400;KELP;2034;4;2033;22;;;2037;22;;;;;2035.5;0.0
1;37400;SQUID_INK;1886;4;1885;22;;;1889;22;;;;;1887.5;-1788.986328125
1;37500;KELP;2035;5;2033;31;;;2037;31;;;;;2036.0;0.0
1;37500;SQUID_INK;1888;5;1887;31;;;1890;1;1891;30;;;1889.0;-1796.54833984375
1;37500;RAINFOREST_RESIN;9992;32;;;;;10003;3;10008;32;;;9997.5;463.0
1;37600;KELP;2033;25;;;;;2035;5;2037;25;;;2034.0;0.0
1;37600;SQUID_INK;1887;25;;;;;1889;5;1890;1;1891;24;1888.0;-1796.6611328125
1;37600;RAINFOREST_RESIN;10001;1;9992;33;;;10008;33;;;;;10004.5;463.0
1;37700;SQUID_INK;1885;20;;;;;1888;20;;;;;1886.5;-1771.86328125
1;37700;RAINFOREST_RESIN;9992;31;;;;;10000;5;10008;31;;;9996.0;464.0
1;37700;KELP;2033;20;;;;;2037;20;;;;;2035.0;0.0
1;37800;RAINFOREST_RESIN;9992;30;;;;;9998;4;10008;30;;;9995.0;464.0
1;37800;KELP;2034;25;;;;;2037;25;;;;;2035.5;0.0
1;37800;SQUID_INK;1884;25;;;;;1888;25;;;;;1886.0;-1759.015625
1;37900;KELP;2034;2;2033;27;;;2037;29;;;;;2035.5;0.0
1;37900;SQUID_INK;1883;29;;;;;1886;29;;;;;1884.5;-1710.4765625
1;37900;RAINFOREST_RESIN;10001;1;9992;29;;;10008;29;;;;;10004.5;472.0
1;38000;KELP;2034;30;;;;;2037;30;;;;;2035.5;0.0
1;38000;SQUID_INK;1883;30;;;;;1886;30;;;;;1884.5;-1721.31640625
1;38000;RAINFOREST_RESIN;9992;32;;;;;10008;32;;;;;10000.0;473.0
1;38100;SQUID_INK;1882;29;;;;;1884;4;1885;1;1886;28;1883.0;-1699.80078125
1;38100;RAINFOREST_RESIN;9992;28;;;;;9999;1;10008;28;;;9995.5;473.0
1;38100;KELP;2034;29;;;;;2036;4;2037;29;;;2035.0;0.0
1;38200;RAINFOREST_RESIN;9992;34;;;;;10008;34;;;;;10000.0;474.0
1;38200;KELP;2034;31;;;;;2037;31;;;;;2035.5;0.0
1;38200;SQUID_INK;1884;31;;;;;1887;31;;;;;1885.5;-1748.26953125
1;38300;KELP;2034;27;;;;;2037;22;;;;;2035.5;0.0
1;38300;SQUID_INK;1883;27;;;;;1886;22;;;;;1884.5;-1719.8671875
1;38300;RAINFOREST_RESIN;9992;32;;;;;10008;32;;;;;10000.0;474.0
1;38400;KELP;2033;31;;;;;2034;4;2037;31;;;2033.5;0.0
1;38400;SQUID_INK;1882;27;;;;;1885;31;;;;;1883.5;-1684.0234375
1;38400;RAINFOREST_RESIN;9992;29;;;;;10008;29;;;;;10000.0;474.0
1;38500;SQUID_INK;1882;24;;;;;1885;24;;;;;1883.5;-1691.1484375
1;38500;RAINFOREST_RESIN;9992;30;;;;;10008;30;;;;;10000.0;474.0
1;38500;KELP;2033;24;;;;;2037;24;;;;;2035.0;0.0
1;38600;RAINFOREST_RESIN;9992;25;;;;;10008;25;;;;;10000.0;474.0
1;38600;KELP;2033;31;;;;;2037;31;;;;;2035.0;0.0
1;38600;SQUID_INK;1883;31;;;;;1886;31;;;;;1884.5;-1712.66796875
1;38700;KELP;2034;1;2033;20;;;2037;22;;;;;2035.5;0.0
1;38700;SQUID_INK;1884;21;;;;;1887;2;1888;20;;;1885.5;-1757.34765625
1;38700;RAINFOREST_RESIN;9992;25;;;;;10008;25;;;;;10000.0;474.0
1;38800;KELP;2033;27;;;;;2035;2;2037;27;;;2034.0;0.0
1;38800;SQUID_INK;1884;27;;;;;1886;2;1887;27;;;1885.0;-1744.28125
1;38800;RAINFOREST_RESIN;9992;27;;;;;10008;27;;;;;10000.0;474.0
1;38900;SQUID_INK;1886;25;;;;;1889;25;;;;;1887.5;-1793.7734375
1;38900;RAINFOREST_RESIN;9997;4;9992;35;;;10008;35;;;;;10002.5;474.0
1;38900;KELP;2033;25;;;;;2037;25;;;;;2035.0;0.0
1;39000;RAINFOREST_RESIN;9992;25;;;;;10003;6;10008;25;;;9997.5;474.0
1;39000;KELP;2033;24;;;;;2034;3;2035;6;2037;24;2033.5;0.0
1;39000;SQUID_INK;1887;24;;;;;1888;3;1889;6;1890;24;1887.5;-1845.568359375
1;39100;KELP;2034;8;2033;30;;;2037;30;;;;;2035.5;0.0
1;39100;SQUID_INK;1888;8;1887;30;;;1890;30;;;;;1889.0;-1846.103515625
1;39100;RAINFOREST_RESIN;9992;30;;;;;10008;30;;;;;10000.0;474.0
1;39200;KELP;2034;5;2033;21;;;2035;4;2037;21;;;2034.5;0.0
1;39200;SQUID_INK;1887;26;;;;;1888;4;1890;21;;;1887.5;-1844.96142578125
1;39200;RAINFOREST_RESIN;9997;2;9992;30;;;10008;30;;;;;10002.5;474.0
1;39300;SQUID_INK;1887;24;;;;;1891;24;;;;;1889.0;-1846.732421875
1;39300;RAINFOREST_RESIN;9992;27;;;;;10008;27;;;;;10000.0;474.0
1;39300;KELP;2034;24;;;;;2037;24;;;;;2035.5;0.0
1;39400;RAINFOREST_RESIN;9992;31;;;;;10008;31;;;;;10000.0;474.0
1;39400;KELP;2034;21;;;;;2037;21;;;;;2035.5;0.0
1;39400;SQUID_INK;1888;21;;;;;1891;21;;;;;1889.5;-1849.79736328125
1;39500;KELP;2034;29;;;;;2036;3;2037;29;;;2035.0;0.0
1;39500;SQUID_INK;1888;29;;;;;1890;3;1891;29;;;1889.0;-1848.14501953125
1;39500;RAINFOREST_RESIN;9992;32;;;;;10008;32;;;;;10000.0;474.0
1;39600;SQUID_INK;1888;31;;;;;1891;31;;;;;1889.5;-1848.85498046875
1;39600;KELP;2034;31;;;;;2037;31;;;;;2035.5;0.0
1;39600;RAINFOREST_RESIN;9992;35;;;;;10008;35;;;;;10000.0;474.0
1;39700;RAINFOREST_RESIN;9992;26;;;;;10008;26;;;;;10000.0;474.0
1;39700;SQUID_INK;1889;29;;;;;1890;6;1892;30;;;1889.5;-1854.07958984375
1;39700;KELP;2033;29;;;;;2035;6;2037;30;;;2034.0;0.0
1;39800;RAINFOREST_RESIN;9992;29;;;;;10008;29;;;;;10000.0;474.0
1;39800;KELP;2034;2;2033;22;;;2037;24;;;;;2035.5;0.0
1;39800;SQUID_INK;1889;24;;;;;1892;24;;;;;1890.5;-1853.04931640625
1;39900;KELP;2034;29;;;;;2036;7;2037;29;;;2035.0;0.0
1;39900;RAINFOREST_RESIN;9992;34;;;;;10008;34;;;;;10000.0;474.0
1;39900;SQUID_INK;1888;29;;;;;1890;7;1892;29;;;1889.0;-1851.0009765625
1;40000;KELP;2034;26;;;;;2037;26;;;;;2035.5;0.0
1;40000;SQUID_INK;1889;1;1888;25;;;1892;26;;;;;1890.5;-1851.4033203125
1;40000;RAINFOREST_RESIN;10003;11;9992;33;;;10008;33;;;;;10005.5;474.0
1;40100;RAINFOREST_RESIN;9992;34;;;;;10003;7;10008;34;;;9997.5;507.0
1;40100;SQUID_INK;1889;30;;;;;1891;4;1892;30;;;1890.0;-1852.60302734375
1;40100;KELP;2033;30;;;;;2035;4;2037;30;;;2034.0;0.0
1;40200;RAINFOREST_RESIN;9992;25;;;;;10008;25;;;;;10000.0;507.0
1;40200;KELP;2034;1;2033;24;;;2037;25;;;;;2035.5;0.0
1;40200;SQUID_INK;1888;25;;;;;1891;25;;;;;1889.5;-1848.75
1;40300;KELP;2034;1;2033;29;;;2037;30;;;;;2035.5;0.0
1;40300;RAINFOREST_RESIN;9992;32;;;;;10008;32;;;;;10000.0;507.0
1;40300;SQUID_INK;1888;30;;;;;1891;1;1892;29;;;1889.5;-1850.7041015625
1;40400;KELP;2033;25;;;;;2037;25;;;;;2035.0;0.0
1;40400;SQUID_INK;1888;2;1887;23;;;1891;25;;;;;1889.5;-1847.328125
1;40400;RAINFOREST_RESIN;9992;34;;;;;10008;34;;;;;10000.0;507.0
1;40500;RAINFOREST_RESIN;9992;33;;;;;10003;7;10008;33;;;9997.5;507.0
1;40500;SQUID_INK;1889;1;1888;21;;;1892;22;;;;;1890.5;-1851.5
1;40500;KELP;2034;1;2033;21;;;2037;22;;;;;2035.5;0.0
1;40600;RAINFOREST_RESIN;9992;25;;;;;10008;25;;;;;10000.0;507.0
1;40600;KELP;2033;28;;;;;2037;28;;;;;2035.0;0.0
1;40600;SQUID_INK;1889;28;;;;;1892;28;;;;;1890.5;-1853.923828125
1;40700;KELP;2036;1;2034;36;;;2037;30;;;;;2036.5;0.0
1;40700;RAINFOREST_RESIN;9992;33;;;;;10008;33;;;;;10000.0;507.0
1;40700;SQUID_INK;1891;1;1889;36;;;1892;30;;;;;1891.5;-1852.4775390625
1;40800;SQUID_INK;1888;21;;;;;1891;21;;;;;1889.5;-1926.4296875
1;40800;KELP;2034;21;;;;;2037;21;;;;;2035.5;0.0
1;40800;RAINFOREST_RESIN;9997;5;9992;26;;;10008;26;;;;;10002.5;507.0
1;40900;RAINFOREST_RESIN;9992;32;;;;;10008;32;;;;;10000.0;507.0
1;40900;SQUID_INK;1886;28;;;;;1889;25;;;;;1887.5;-1973.24609375
1;40900;KELP;2034;28;;;;;2037;25;;;;;2035.5;0.0
1;41000;RAINFOREST_RESIN;9992;30;;;;;10008;30;;;;;10000.0;507.0
1;41000;SQUID_INK;1887;21;;;;;1888;2;1889;7;1890;21;1887.5;-1948.25
1;41000;KELP;2034;21;;;;;2035;2;2036;7;2037;21;2034.5;0.0
1;41100;KELP;2034;25;;;;;2037;25;;;;;2035.5;0.0
1;41100;RAINFOREST_RESIN;9992;26;;;;;10008;26;;;;;10000.0;507.0
1;41100;SQUID_INK;1887;2;1886;23;;;1890;25;;;;;1888.5;-1983.5576171875
1;41200;SQUID_INK;1887;20;;;;;1890;20;;;;;1888.5;-1981.1884765625
1;41200;KELP;2034;20;;;;;2037;20;;;;;2035.5;0.0
1;41200;RAINFOREST_RESIN;9992;32;;;;;10008;32;;;;;10000.0;507.0
1;41300;RAINFOREST_RESIN;9992;28;;;;;10008;28;;;;;10000.0;507.0
1;41300;SQUID_INK;1888;35;;;;;1891;27;;;;;1889.5;-1977.419921875
1;41300;KELP;2034;35;;;;;2037;27;;;;;2035.5;0.0
1;41400;RAINFOREST_RESIN;9992;32;;;;;10008;32;;;;;10000.0;507.0
1;41400;SQUID_INK;1889;30;;;;;1892;30;;;;;1890.5;-1972.1474609375
1;41400;KELP;2034;30;;;;;2037;30;;;;;2035.5;0.0
1;41500;KELP;2034;38;;;;;2037;31;;;;;2035.5;0.0
1;41500;RAINFOREST_RESIN;9992;32;;;;;10008;32;;;;;10000.0;507.0
1;41500;SQUID_INK;1889;38;;;;;1892;31;;;;;1890.5;-1971.119140625
1;41600;SQUID_INK;1890;26;;;;;1893;26;;;;;1891.5;-1969.6328125
1;41600;KELP;2034;26;;;;;2037;26;;;;;2035.5;0.0
1;41600;RAINFOREST_RESIN;9992;31;;;;;10008;31;;;;;10000.0;507.0
1;41700;RAINFOREST_RESIN;9992;25;;;;;9998;4;10008;25;;;9995.0;507.0
1;41700;SQUID_INK;1892;2;1891;23;;;1894;23;;;;;1893.0;-1953.6171875
1;41700;KELP;2036;2;2034;23;;;2037;23;;;;;2036.5;0.0
1;41800;RAINFOREST_RESIN;9992;28;;;;;10008;28;;;;;10000.0;515.0
1;41800;SQUID_INK;1892;21;;;;;1895;22;;;;;1893.5;-1914.984375
1;41800;KELP;2034;21;;;;;2037;22;;;;;2035.5;0.0
1;41900;KELP;2034;28;;;;;2038;28;;;;;2036.0;0.0
1;41900;RAINFOREST_RESIN;9992;25;;;;;10008;25;;;;;10000.0;515.0
1;41900;SQUID_INK;1892;28;;;;;1896;28;;;;;1894.0;-1891.328125
1;42000;SQUID_INK;1893;28;;;;;1896;28;;;;;1894.5;-1863.6484375
1;42000;KELP;2034;28;;;;;2037;1;2038;27;;;2035.5;0.0
1;42000;RAINFOREST_RESIN;9992;32;;;;;10008;32;;;;;10000.0;515.0
1;42100;RAINFOREST_RESIN;9992;34;;;;;10008;34;;;;;10000.0;515.0
1;42100;SQUID_INK;1894;29;;;;;1897;22;;;;;1895.5;-1843.875
1;42100;KELP;2035;7;2034;22;;;2038;22;;;;;2036.5;0.0
1;42200;RAINFOREST_RESIN;9992;28;;;;;10008;28;;;;;10000.0;515.0
1;42200;SQUID_INK;1894;22;;;;;1898;22;;;;;1896.0;-1819.3515625
1;42200;KELP;2034;22;;;;;2037;22;;;;;2035.5;0.0
1;42300;KELP;2034;22;;;;;2037;2;2038;20;;;2035.5;0.0
1;42300;RAINFOREST_RESIN;9992;26;;;;;10008;26;;;;;10000.0;515.0
1;42300;SQUID_INK;1895;22;;;;;1898;22;;;;;1896.5;-1800.109375
1;42400;SQUID_INK;1893;28;;;;;1896;28;;;;;1894.5;-1885.078125
1;42400;KELP;2034;28;;;;;2037;28;;;;;2035.5;0.0
1;42400;RAINFOREST_RESIN;9992;34;;;;;10008;34;;;;;10000.0;515.0
1;42500;RAINFOREST_RESIN;9992;34;;;;;10008;34;;;;;10000.0;515.0
1;42500;SQUID_INK;1892;24;;;;;1894;2;1896;24;;;1893.0;-1889.65625
1;42500;KELP;2034;24;;;;;2036;2;2037;24;;;2035.0;0.0
1;42600;RAINFOREST_RESIN;9992;26;;;;;9998;5;10008;26;;;9995.0;515.0
1;42600;SQUID_INK;1894;1;1892;28;;;1895;28;;;;;1894.5;-1905.671875
1;42600;KELP;2036;1;2034;28;;;2037;28;;;;;2036.5;0.0
1;42700;KELP;2034;24;;;;;2037;24;;;;;2035.5;0.0
1;42700;RAINFOREST_RESIN;9992;26;;;;;10008;26;;;;;10000.0;525.0
1;42700;SQUID_INK;1893;1;1892;23;;;1896;24;;;;;1894.5;-1889.2734375
1;42800;SQUID_INK;1893;29;;;;;1894;2;1896;29;;;1893.5;-1884.28125
1;42800;KELP;2034;29;;;;;2035;2;2038;29;;;2034.5;0.0
1;42800;RAINFOREST_RESIN;9992;31;;;;;10008;31;;;;;10000.0;525.0
1;42900;RAINFOREST_RESIN;9992;33;;;;;10008;33;;;;;10000.0;525.0
1;42900;SQUID_INK;1893;20;;;;;1897;20;;;;;1895.0;-1861.8515625
1;42900;KELP;2034;20;;;;;2038;20;;;;;2036.0;0.0
1;43000;RAINFOREST_RESIN;9992;32;;;;;10008;32;;;;;10000.0;525.0
1;43000;SQUID_INK;1894;27;;;;;1897;1;1898;26;;;1895.5;-1826.4765625
1;43000;KELP;2034;27;;;;;2038;27;;;;;2036.0;0.0
1;43100;KELP;2034;25;;;;;2037;1;2038;24;;;2035.5;0.0
1;43100;RAINFOREST_RESIN;9997;7;9992;29;;;10008;29;;;;;10002.5;525.0
1;43100;SQUID_INK;1891;25;;;;;1894;25;;;;;1892.5;-1953.0078125
1;43200;SQUID_INK;1891;31;;;;;1894;31;;;;;1892.5;-1942.9921875
1;43200;KELP;2034;31;;;;;2038;31;;;;;2036.0;0.0
1;43200;RAINFOREST_RESIN;9992;25;;;;;10008;25;;;;;10000.0;525.0
1;43300;RAINFOREST_RESIN;9992;27;;;;;10008;27;;;;;10000.0;525.0
1;43300;SQUID_INK;1894;1;1892;20;;;1896;20;;;;;1895.0;-1894.546875
1;43300;KELP;2036;1;2034;20;;;2038;20;;;;;2037.0;0.0
1;43400;RAINFOREST_RESIN;9992;34;;;;;10003;8;10008;34;;;9997.5;525.0
1;43400;SQUID_INK;1893;24;;;;;1896;24;;;;;1894.5;-1904.765625
1;43400;KELP;2034;24;;;;;2038;24;;;;;2036.0;0.0
1;43500;KELP;2035;6;2034;25;;;2038;25;;;;;2036.5;0.0
1;43500;RAINFOREST_RESIN;9992;30;;;;;9999;1;10008;30;;;9995.5;525.0
1;43500;SQUID_INK;1893;31;;;;;1896;25;;;;;1894.5;-1940.44921875
1;43600;SQUID_INK;1894;22;;;;;1896;1;1898;22;;;1895.0;-1892.20703125
1;43600;RAINFOREST_RESIN;9997;3;9992;29;;;10008;29;;;;;10002.5;526.0
1;43600;KELP;2034;22;;;;;2036;1;2038;22;;;2035.0;0.0
1;43700;SQUID_INK;1893;30;;;;;1896;30;;;;;1894.5;-1934.5
1;43700;KELP;2034;30;;;;;2038;30;;;;;2036.0;0.0
1;43700;RAINFOREST_RESIN;9997;5;9992;33;;;10008;33;;;;;10002.5;526.0
1;43800;SQUID_INK;1893;23;;;;;1896;23;;;;;1894.5;-1935.9609375
1;43800;RAINFOREST_RESIN;9992;31;;;;;10008;31;;;;;10000.0;526.0
1;43800;KELP;2034;23;;;;;2038;23;;;;;2036.0;0.0
1;43900;KELP;2035;6;2034;26;;;2038;26;;;;;2036.5;0.0
1;43900;RAINFOREST_RESIN;9992;29;;;;;10008;29;;;;;10000.0;526.0
1;43900;SQUID_INK;1894;8;1893;24;;;1897;26;;;;;1895.5;-1919.54296875
1;44000;SQUID_INK;1894;27;;;;;1897;27;;;;;1895.5;-1902.734375
1;44000;RAINFOREST_RESIN;9992;32;;;;;10008;32;;;;;10000.0;526.0
1;44000;KELP;2034;27;;;;;2038;27;;;;;2036.0;0.0
1;44100;KELP;2034;24;;;;;2036;4;2038;24;;;2035.0;0.0
1;44100;SQUID_INK;1894;24;;;;;1896;4;1897;24;;;1895.0;-1908.7265625
1;44100;RAINFOREST_RESIN;9992;35;;;;;10008;35;;;;;10000.0;526.0
1;44200;SQUID_INK;1894;24;;;;;1897;24;;;;;1895.5;-1902.55859375
1;44200;RAINFOREST_RESIN;9992;28;;;;;10008;28;;;;;10000.0;526.0
1;44200;KELP;2034;24;;;;;2038;24;;;;;2036.0;0.0
1;44300;KELP;2035;2;2034;24;;;2038;26;;;;;2036.5;0.0
1;44300;SQUID_INK;1897;26;;;;;1900;26;;;;;1898.5;-1826.56640625
1;44300;RAINFOREST_RESIN;9997;8;9992;32;;;10008;32;;;;;10002.5;526.0
1;44400;RAINFOREST_RESIN;9992;32;;;;;10003;6;10008;32;;;9997.5;526.0
1;44400;KELP;2035;1;2034;26;;;2038;26;;;;;2036.5;0.0
1;44400;SQUID_INK;1898;1;1897;26;;;1901;26;;;;;1899.5;-1814.23046875
1;44500;KELP;2034;30;;;;;2038;30;;;;;2036.0;0.0
1;44500;SQUID_INK;1897;30;;;;;1900;30;;;;;1898.5;-1826.96875
1;44500;RAINFOREST_RESIN;9992;27;;;;;10008;27;;;;;10000.0;526.0
1;44600;SQUID_INK;1898;22;;;;;1901;22;;;;;1899.5;-1807.8984375
1;44600;RAINFOREST_RESIN;9992;33;;;;;10008;33;;;;;10000.0;526.0
1;44600;KELP;2035;1;2034;21;;;2038;22;;;;;2036.5;0.0
1;44700;KELP;2035;2;2034;25;;;2036;6;2038;27;;;2035.5;0.0
1;44700;SQUID_INK;1898;27;;;;;1900;6;1901;27;;;1899.0;-1793.234375
1;44700;RAINFOREST_RESIN;9992;31;;;;;10003;8;10008;31;;;9997.5;526.0
1;44800;RAINFOREST_RESIN;9992;26;;;;;9999;1;10008;26;;;9995.5;526.0
1;44800;KELP;2034;25;;;;;2036;3;2038;25;;;2035.0;0.0
1;44800;SQUID_INK;1898;25;;;;;1900;3;1901;25;;;1899.0;-1805.6796875
1;44900;KELP;2034;23;;;;;2038;23;;;;;2036.0;0.0
1;44900;SQUID_INK;1898;23;;;;;1901;23;;;;;1899.5;-1803.7109375
1;44900;RAINFOREST_RESIN;10001;1;9992;27;;;10003;6;10008;27;;;10002.0;527.0
1;45000;SQUID_INK;1899;27;;;;;1902;28;;;;;1900.5;-1782.8125
1;45000;RAINFOREST_RESIN;9992;25;;;;;10008;25;;;;;10000.0;528.0
1;45000;KELP;2034;28;;;;;2035;1;2038;28;;;2034.5;0.0
1;45100;KELP;2034;27;;;;;2037;27;;;;;2035.5;0.0
1;45100;SQUID_INK;1899;27;;;;;1902;27;;;;;1900.5;-1777.55078125
1;45100;RAINFOREST_RESIN;9997;6;9992;31;;;10008;31;;;;;10002.5;528.0
1;45200;RAINFOREST_RESIN;9992;28;;;;;10008;28;;;;;10000.0;528.0
1;45200;KELP;2034;20;;;;;2037;21;;;;;2035.5;0.0
1;45200;SQUID_INK;1899;20;;;;;1902;21;;;;;1900.5;-1770.4140625
1;45300;SQUID_INK;1900;22;;;;;1903;23;;;;;1901.5;-1754.62890625
1;45300;KELP;2034;22;;;;;2037;23;;;;;2035.5;0.0
1;45300;RAINFOREST_RESIN;9997;7;9992;34;;;10008;34;;;;;10002.5;528.0
1;45400;SQUID_INK;1900;25;;;;;1904;25;;;;;1902.0;-1735.93359375
1;45400;RAINFOREST_RESIN;9992;28;;;;;9999;1;10008;28;;;9995.5;528.0
1;45400;KELP;2034;25;;;;;2037;25;;;;;2035.5;0.0
1;45500;SQUID_INK;1900;21;;;;;1901;3;1903;1;1904;20;1900.5;-1735.3984375
1;45500;KELP;2034;18;;;;;2037;21;;;;;2035.5;0.0
1;45500;RAINFOREST_RESIN;9992;30;;;;;10008;30;;;;;10000.0;529.0
1;45600;RAINFOREST_RESIN;9992;28;;;;;10008;28;;;;;10000.0;529.0
1;45600;KELP;2034;24;;;;;2036;6;2037;24;;;2035.0;0.0
1;45600;SQUID_INK;1900;24;;;;;1902;6;1903;1;1904;23;1901.0;-1734.9921875
1;45700;SQUID_INK;1902;23;;;;;1905;23;;;;;1903.5;-1700.0
1;45700;KELP;2034;23;;;;;2037;23;;;;;2035.5;0.0
1;45700;RAINFOREST_RESIN;9992;29;;;;;10008;29;;;;;10000.0;529.0
1;45800;SQUID_INK;1901;5;1900;32;;;1903;32;;;;;1902.0;-1742.90625
1;45800;RAINFOREST_RESIN;9992;30;;;;;10008;30;;;;;10000.0;529.0
1;45800;KELP;2035;5;2034;32;;;2037;32;;;;;2036.0;0.0
1;45900;SQUID_INK;1899;25;;;;;1902;26;;;;;1900.5;-1773.5546875
1;45900;KELP;2034;25;;;;;2037;26;;;;;2035.5;0.0
1;45900;RAINFOREST_RESIN;9992;34;;;;;10008;34;;;;;10000.0;529.0
1;46000;RAINFOREST_RESIN;9992;34;;;;;10008;34;;;;;10000.0;529.0
1;46000;KELP;2034;23;;;;;2037;23;;;;;2035.5;0.0
1;46000;SQUID_INK;1900;23;;;;;1903;23;;;;;1901.5;-1753.8515625
1;46100;SQUID_INK;1901;4;1900;25;;;1903;25;;;;;1902.0;-1737.07421875
1;46100;KELP;2034;29;;;;;2037;25;;;;;2035.5;0.0
1;46100;RAINFOREST_RESIN;9992;30;;;;;10008;30;;;;;10000.0;529.0
1;46200;SQUID_INK;1899;28;;;;;1902;24;;;;;1900.5;-1777.81640625
1;46200;RAINFOREST_RESIN;9992;25;;;;;10008;25;;;;;10000.0;529.0
1;46200;KELP;2034;28;;;;;2037;24;;;;;2035.5;0.0
1;46300;SQUID_INK;1898;28;;;;;1901;28;;;;;1899.5;-1814.3260498046875
1;46300;RAINFOREST_RESIN;9992;25;;;;;10008;25;;;;;10000.0;529.0
1;46300;KELP;2034;28;;;;;2037;28;;;;;2035.5;0.0
1;46400;RAINFOREST_RESIN;9992;28;;;;;10008;28;;;;;10000.0;529.0
1;46400;KELP;2036;1;2034;24;;;2037;24;;;;;2036.5;0.0
1;46400;SQUID_INK;1900;1;1898;24;;;1901;24;;;;;1900.5;-1814.3314208984375
1;46500;KELP;2036;2;2034;30;;;2037;30;;;;;2036.5;0.0
1;46500;SQUID_INK;1898;2;1896;30;;;1899;30;;;;;1898.5;-1812.8509521484375
1;46500;RAINFOREST_RESIN;9997;7;9992;34;;;10008;34;;;;;10002.5;529.0
1;46600;KELP;2036;1;2034;32;;;2037;28;;;;;2036.5;0.0
1;46600;SQUID_INK;1898;1;1896;32;;;1899;28;;;;;1898.5;-1812.2054443359375
1;46600;RAINFOREST_RESIN;9992;33;;;;;10008;33;;;;;10000.0;529.0
1;46700;SQUID_INK;1894;30;;;;;1897;1;1898;29;;;1895.5;-1810.8958740234375
1;46700;RAINFOREST_RESIN;9992;35;;;;;10003;5;10008;35;;;9997.5;529.0
1;46700;KELP;2034;30;;;;;2037;30;;;;;2035.5;0.0
1;46800;RAINFOREST_RESIN;9992;34;;;;;10008;34;;;;;10000.0;529.0
1;46800;KELP;2034;25;;;;;2037;25;;;;;2035.5;0.0
1;46800;SQUID_INK;1894;25;;;;;1897;25;;;;;1895.5;-1810.685546875
1;46900;KELP;2034;20;;;;;2037;30;;;;;2035.5;0.0
1;46900;SQUID_INK;1895;20;;;;;1898;30;;;;;1896.5;-1811.51611328125
1;46900;RAINFOREST_RESIN;9992;32;;;;;10008;32;;;;;10000.0;529.0
1;47000;KELP;2034;23;;;;;2037;23;;;;;2035.5;0.0
1;47000;SQUID_INK;1895;1;1894;22;;;1898;23;;;;;1896.5;-1811.0498046875
1;47000;RAINFOREST_RESIN;10002;3;9992;33;;;10008;33;;;;;10005.0;529.0
1;47100;SQUID_INK;1894;22;;;;;1897;22;;;;;1895.5;-1810.7591552734375
1;47100;RAINFOREST_RESIN;9992;26;;;;;10008;26;;;;;10000.0;535.0
1;47100;KELP;2034;22;;;;;2037;22;;;;;2035.5;0.0
1;47200;RAINFOREST_RESIN;9992;25;;;;;10003;8;10008;25;;;9997.5;535.0
1;47200;KELP;2036;1;2034;23;;;2037;23;;;;;2036.5;0.0
1;47200;SQUID_INK;1896;1;1894;23;;;1897;23;;;;;1896.5;-1810.3006591796875
1;47300;KELP;2034;26;;;;;2037;21;;;;;2035.5;0.0
1;47300;SQUID_INK;1894;5;1893;21;;;1897;21;;;;;1895.5;-1809.9754638671875
1;47300;RAINFOREST_RESIN;9992;29;;;;;10000;3;10008;29;;;9996.0;535.0
1;47400;KELP;2036;5;2034;22;;;2037;22;;;;;2036.5;0.0
1;47400;SQUID_INK;1894;5;1892;22;;;1896;22;;;;;1895.0;-1809.075439453125
1;47400;RAINFOREST_RESIN;10002;4;9992;35;;;10008;35;;;;;10005.0;535.0
1;47500;SQUID_INK;1892;22;;;;;1894;5;1895;22;;;1893.0;-1808.7164306640625
1;47500;RAINFOREST_RESIN;9992;33;;;;;10008;33;;;;;10000.0;543.0
1;47500;KELP;2034;22;;;;;2036;5;2037;22;;;2035.0;0.0
1;47600;RAINFOREST_RESIN;9992;27;;;;;10008;27;;;;;10000.0;543.0
1;47600;KELP;2034;21;;;;;2038;21;;;;;2036.0;0.0
1;47600;SQUID_INK;1892;21;;;;;1895;21;;;;;1893.5;-1808.6905517578125
1;47700;KELP;2034;23;;;;;2036;4;2038;23;;;2035.0;0.0
1;47700;SQUID_INK;1893;23;;;;;1895;4;1896;23;;;1894.0;-1809.474609375
1;47700;RAINFOREST_RESIN;9992;29;;;;;10008;29;;;;;10000.0;543.0
1;47800;KELP;2034;20;;;;;2036;7;2038;20;;;2035.0;0.0
1;47800;SQUID_INK;1893;20;;;;;1895;7;1897;20;;;1894.0;-1809.8780517578125
1;47800;RAINFOREST_RESIN;9992;34;;;;;10008;34;;;;;10000.0;543.0
1;47900;SQUID_INK;1893;23;;;;;1897;23;;;;;1895.0;-1809.95556640625
1;47900;RAINFOREST_RESIN;9992;35;;;;;10008;35;;;;;10000.0;543.0
1;47900;KELP;2034;23;;;;;2038;23;;;;;2036.0;0.0
1;48000;RAINFOREST_RESIN;9992;33;;;;;10008;33;;;;;10000.0;543.0
1;48000;KELP;2034;27;;;;;2038;27;;;;;2036.0;0.0
1;48000;SQUID_INK;1893;27;;;;;1896;27;;;;;1894.5;-1809.6131591796875
1;48100;KELP;2034;30;;;;;2036;1;2038;30;;;2035.0;0.0
1;48100;SQUID_INK;1895;30;;;;;1897;1;1898;30;;;1896.0;-1811.6199951171875
1;48100;RAINFOREST_RESIN;9992;28;;;;;10008;28;;;;;10000.0;543.0
1;48200;KELP;2035;1;2034;27;;;2038;27;;;;;2036.5;0.0
1;48200;SQUID_INK;1897;2;1896;26;;;1900;27;;;;;1898.5;-1813.08544921875
1;48200;RAINFOREST_RESIN;10001;1;9992;32;;;10008;32;;;;;10004.5;543.0
1;48300;SQUID_INK;1896;17;;;;;1899;21;;;;;1897.5;-1886.296875
1;48300;RAINFOREST_RESIN;10002;5;9992;34;;;10008;34;;;;;10005.0;544.0
1;48300;KELP;2034;21;;;;;2035;4;2038;21;;;2034.5;0.0
1;48400;RAINFOREST_RESIN;10001;1;9992;33;;;10003;7;10008;33;;;10002.0;554.0
1;48400;KELP;2034;32;;;;;2036;6;2037;2;2038;30;2035.0;0.0
1;48400;SQUID_INK;1897;32;;;;;1899;6;1900;32;;;1898.0;-1856.51171875
1;48500;KELP;2034;29;;;;;2037;29;;;;;2035.5;0.0
1;48500;RAINFOREST_RESIN;10001;1;9992;30;;;10008;30;;;;;10004.5;555.0
1;48500;SQUID_INK;1897;29;;;;;1901;29;;;;;1899.0;-1840.0703125
1;48600;KELP;2034;27;;;;;2037;1;2038;26;;;2035.5;0.0
1;48600;SQUID_INK;1896;27;;;;;1899;27;;;;;1897.5;-1874.21875
1;48600;RAINFOREST_RESIN;10001;1;9992;26;;;10008;26;;;;;10004.5;556.0
1;48700;RAINFOREST_RESIN;9992;35;;;;;10008;35;;;;;10000.0;557.0
1;48700;SQUID_INK;1896;23;;;;;1897;2;1899;23;;;1896.5;-1871.4375
1;48700;KELP;2034;23;;;;;2035;2;2037;23;;;2034.5;0.0
1;48800;RAINFOREST_RESIN;9992;25;;;;;10008;25;;;;;10000.0;557.0
1;48800;KELP;2034;29;;;;;2037;29;;;;;2035.5;0.0
1;48800;SQUID_INK;1896;1;1895;28;;;1899;29;;;;;1897.5;-1890.83984375
1;48900;KELP;2034;21;;;;;2037;22;;;;;2035.5;0.0
1;48900;RAINFOREST_RESIN;9992;33;;;;;10008;33;;;;;10000.0;557.0
1;48900;SQUID_INK;1896;21;;;;;1899;22;;;;;1897.5;-1874.328125
1;49000;KELP;2034;29;;;;;2037;29;;;;;2035.5;0.0
1;49000;SQUID_INK;1896;29;;;;;1899;29;;;;;1897.5;-1874.4453125
1;49000;RAINFOREST_RESIN;9992;30;;;;;10008;30;;;;;10000.0;557.0
1;49100;RAINFOREST_RESIN;9992;31;;;;;10008;31;;;;;10000.0;557.0
1;49100;SQUID_INK;1895;30;;;;;1898;30;;;;;1896.5;-1920.98828125
1;49100;KELP;2034;30;;;;;2037;30;;;;;2035.5;0.0
1;49200;RAINFOREST_RESIN;9992;26;;;;;10008;26;;;;;10000.0;557.0
1;49200;KELP;2034;26;;;;;2037;26;;;;;2035.5;0.0
1;49200;SQUID_INK;1895;26;;;;;1898;26;;;;;1896.5;-1919.5
1;49300;KELP;2035;6;2034;29;;;2038;29;;;;;2036.5;0.0
1;49300;RAINFOREST_RESIN;9992;30;;;;;10008;30;;;;;10000.0;557.0
1;49300;SQUID_INK;1894;35;;;;;1897;29;;;;;1895.5;-1916.62109375
1;49400;KELP;2034;23;;;;;2037;1;2038;22;;;2035.5;0.0
1;49400;SQUID_INK;1891;23;;;;;1895;23;;;;;1893.0;-1909.91357421875
1;49400;RAINFOREST_RESIN;9992;27;;;;;10008;27;;;;;10000.0;557.0
1;49500;RAINFOREST_RESIN;9992;26;;;;;10008;26;;;;;10000.0;557.0
1;49500;SQUID_INK;1892;25;;;;;1895;25;;;;;1893.5;-1910.52099609375
1;49500;KELP;2034;25;;;;;2037;25;;;;;2035.5;0.0
1;49600;RAINFOREST_RESIN;9992;32;;;;;10000;2;10008;32;;;9996.0;557.0
1;49600;SQUID_INK;1891;2;1890;28;;;1892;3;1894;30;;;1891.5;-1907.33642578125
1;49600;KELP;2034;30;;;;;2035;3;2038;30;;;2034.5;0.0
1;49700;KELP;2036;1;2035;6;2034;21;2038;21;;;;;2037.0;0.0
1;49700;RAINFOREST_RESIN;9992;28;;;;;10008;28;;;;;10000.0;557.0
1;49700;SQUID_INK;1892;1;1890;27;;;1893;21;;;;;1892.5;-1904.798828125
1;49800;SQUID_INK;1890;19;;;;;1893;20;;;;;1891.5;-1904.56591796875
1;49800;KELP;2034;19;;;;;2038;20;;;;;2036.0;0.0
1;49800;RAINFOREST_RESIN;9992;29;;;;;10008;29;;;;;10000.0;557.0
1;49900;RAINFOREST_RESIN;9992;34;;;;;10008;34;;;;;10000.0;557.0
1;49900;SQUID_INK;1891;5;1890;24;;;1894;24;;;;;1892.5;-1907.07861328125
1;49900;KELP;2035;5;2034;24;;;2038;24;;;;;2036.5;0.0
1;50000;RAINFOREST_RESIN;9992;35;;;;;10008;35;;;;;10000.0;557.0
1;50000;SQUID_INK;1892;26;;;;;1895;26;;;;;1893.5;-1911.158203125
1;50000;KELP;2034;26;;;;;2038;26;;;;;2036.0;0.0
1;50100;KELP;2034;24;;;;;2038;24;;;;;2036.0;0.0
1;50100;RAINFOREST_RESIN;9992;26;;;;;10000;5;10008;26;;;9996.0;557.0
1;50100;SQUID_INK;1891;24;;;;;1894;24;;;;;1892.5;-1909.2548828125
1;50200;SQUID_INK;1892;29;;;;;1895;29;;;;;1893.5;-1910.7890625
1;50200;KELP;2035;1;2034;28;;;2038;29;;;;;2036.5;0.0
1;50200;RAINFOREST_RESIN;9992;34;;;;;10008;34;;;;;10000.0;557.0
1;50300;RAINFOREST_RESIN;9992;25;;;;;10008;25;;;;;10000.0;557.0
1;50300;SQUID_INK;1890;23;;;;;1892;4;1894;23;;;1891.0;-1906.8798828125
1;50300;KELP;2034;23;;;;;2037;4;2038;23;;;2035.5;0.0
1;50400;RAINFOREST_RESIN;9992;27;;;;;10003;3;10008;27;;;9997.5;557.0
1;50400;SQUID_INK;1890;22;;;;;1893;23;;;;;1891.5;-1907.4853515625
1;50400;KELP;2035;1;2034;21;;;2038;23;;;;;2036.5;0.0
1;50500;KELP;2036;4;2035;28;;;2038;28;;;;;2037.0;0.0
1;50500;RAINFOREST_RESIN;9992;27;;;;;10008;27;;;;;10000.0;557.0
1;50500;SQUID_INK;1892;4;1891;28;;;1894;28;;;;;1893.0;-1906.802001953125
1;50600;SQUID_INK;1893;24;;;;;1894;4;1896;24;;;1893.5;-1904.39306640625
1;50600;KELP;2034;24;;;;;2036;4;2038;24;;;2035.0;0.0
1;50600;RAINFOREST_RESIN;10002;3;9992;28;;;10008;28;;;;;10005.0;557.0
1;50700;RAINFOREST_RESIN;9992;35;;;;;9999;1;10008;35;;;9995.5;563.0
1;50700;SQUID_INK;1892;20;;;;;1896;20;;;;;1894.0;-1905.0379638671875
1;50700;KELP;2034;20;;;;;2038;20;;;;;2036.0;0.0
1;50800;RAINFOREST_RESIN;9992;29;;;;;10008;29;;;;;10000.0;564.0
1;50800;SQUID_INK;1893;28;;;;;1896;28;;;;;1894.5;-1955.91015625
1;50800;KELP;2035;2;2034;26;;;2038;28;;;;;2036.5;0.0
1;50900;KELP;2035;29;;;;;2036;5;2038;30;;;2035.5;0.0
1;50900;RAINFOREST_RESIN;9992;35;;;;;10008;35;;;;;10000.0;564.0
1;50900;SQUID_INK;1892;29;;;;;1893;5;1895;30;;;1892.5;-2003.494140625
1;51000;SQUID_INK;1894;25;;;;;1897;25;;;;;1895.5;-1987.56640625
1;51000;KELP;2035;25;;;;;2038;25;;;;;2036.5;0.0
1;51000;RAINFOREST_RESIN;9992;28;;;;;10008;28;;;;;10000.0;564.0
1;51100;RAINFOREST_RESIN;9992;31;;;;;10008;31;;;;;10000.0;564.0
1;51100;SQUID_INK;1894;3;1893;29;;;1896;29;;;;;1895.0;-1993.48828125
1;51100;KELP;2035;3;2034;29;;;2038;29;;;;;2036.5;0.0
1;51200;RAINFOREST_RESIN;9992;32;;;;;10008;32;;;;;10000.0;564.0
1;51200;SQUID_INK;1894;30;;;;;1898;30;;;;;1896.0;-1983.71484375
1;51200;KELP;2034;30;;;;;2038;30;;;;;2036.0;0.0
1;51300;KELP;2034;25;;;;;2038;25;;;;;2036.0;0.0
1;51300;RAINFOREST_RESIN;9992;30;;;;;10008;30;;;;;10000.0;564.0
1;51300;SQUID_INK;1894;25;;;;;1897;25;;;;;1895.5;-1984.587890625
1;51400;SQUID_INK;1895;23;;;;;1896;5;1898;23;;;1895.5;-1981.203125
1;51400;KELP;2034;23;;;;;2036;5;2038;23;;;2035.0;0.0
1;51400;RAINFOREST_RESIN;9992;34;;;;;10008;34;;;;;10000.0;564.0
1;51500;RAINFOREST_RESIN;9992;25;;;;;10008;25;;;;;10000.0;564.0
1;51500;SQUID_INK;1895;21;;;;;1898;21;;;;;1896.5;-1981.431640625
1;51500;KELP;2034;21;;;;;2038;21;;;;;2036.0;0.0
1;51600;RAINFOREST_RESIN;9992;27;;;;;10008;27;;;;;10000.0;564.0
1;51600;SQUID_INK;1897;3;1895;23;;;1898;23;;;;;1897.5;-1977.84375
1;51600;KELP;2036;3;2034;23;;;2038;23;;;;;2037.0;0.0
1;51700;KELP;2035;2;2034;30;;;2038;32;;;;;2036.5;0.0
1;51700;RAINFOREST_RESIN;9992;26;;;;;10008;26;;;;;10000.0;564.0
1;51700;SQUID_INK;1896;32;;;;;1899;32;;;;;1897.5;-1968.59765625
1;51800;SQUID_INK;1896;25;;;;;1899;25;;;;;1897.5;-1968.529296875
1;51800;KELP;2034;25;;;;;2038;25;;;;;2036.0;0.0
1;51800;RAINFOREST_RESIN;9992;33;;;;;10008;33;;;;;10000.0;564.0
1;51900;RAINFOREST_RESIN;9992;31;;;;;10008;31;;;;;10000.0;564.0
1;51900;SQUID_INK;1897;28;;;;;1900;28;;;;;1898.5;-1958.9765625
1;51900;KELP;2035;2;2034;26;;;2038;28;;;;;2036.5;0.0
1;52000;RAINFOREST_RESIN;9992;25;;;;;10008;25;;;;;10000.0;564.0
1;52000;SQUID_INK;1898;26;;;;;1899;5;1901;21;;;1898.5;-1952.869140625
1;52000;KELP;2035;5;2034;21;;;2036;5;2038;21;;;2035.5;0.0
1;52100;KELP;2035;1;2034;27;;;2038;28;;;;;2036.5;0.0
1;52100;RAINFOREST_RESIN;9992;26;;;;;10008;26;;;;;10000.0;564.0
1;52100;SQUID_INK;1898;28;;;;;1901;28;;;;;1899.5;-1954.154296875
1;52200;SQUID_INK;1897;22;;;;;1900;23;;;;;1898.5;-1961.05859375
1;52200;KELP;2035;22;;;;;2038;23;;;;;2036.5;0.0
1;52200;RAINFOREST_RESIN;10002;3;9997;7;9992;35;10008;35;;;;;10005.0;564.0
1;52300;RAINFOREST_RESIN;9992;33;;;;;10003;7;10008;33;;;9997.5;570.0
1;52300;SQUID_INK;1898;30;;;;;1901;30;;;;;1899.5;-1950.466796875
1;52300;KELP;2035;30;;;;;2038;30;;;;;2036.5;0.0
1;52400;RAINFOREST_RESIN;10003;7;9992;27;;;10008;27;;;;;10005.5;570.0
1;52400;SQUID_INK;1898;2;1897;20;;;1899;4;1901;21;;;1898.5;-1955.453125
1;52400;KELP;2035;22;;;;;2036;4;2038;21;;;2035.5;0.0
1;52500;KELP;2035;27;;;;;2038;27;;;;;2036.5;0.0
1;52500;RAINFOREST_RESIN;9992;31;;;;;10008;31;;;;;10000.0;591.0
1;52500;SQUID_INK;1897;27;;;;;1900;27;;;;;1898.5;-1957.796875
1;52600;SQUID_INK;1897;31;;;;;1900;31;;;;;1898.5;-1962.736328125
1;52600;RAINFOREST_RESIN;9992;28;;;;;10008;28;;;;;10000.0;591.0
1;52600;KELP;2035;31;;;;;2038;31;;;;;2036.5;0.0
1;52700;SQUID_INK;1899;1;1897;25;;;1900;25;;;;;1899.5;-1958.65625
1;52700;KELP;2037;1;2035;25;;;2038;25;;;;;2037.5;0.0
1;52700;RAINFOREST_RESIN;9992;30;;;;;10008;30;;;;;10000.0;591.0
1;52800;SQUID_INK;1900;1;1898;28;;;1901;28;;;;;1900.5;-1953.798828125
1;52800;RAINFOREST_RESIN;9992;33;;;;;10008;33;;;;;10000.0;591.0
1;52800;KELP;2037;1;2035;28;;;2038;28;;;;;2037.5;0.0
1;52900;KELP;2035;27;;;;;2038;27;;;;;2036.5;0.0
1;52900;RAINFOREST_RESIN;9992;35;;;;;10008;35;;;;;10000.0;591.0
1;52900;SQUID_INK;1898;27;;;;;1901;27;;;;;1899.5;-1952.22265625
1;53000;RAINFOREST_RESIN;9992;31;;;;;10008;31;;;;;10000.0;591.0
1;53000;KELP;2035;30;;;;;2038;30;;;;;2036.5;0.0
1;53000;SQUID_INK;1897;30;;;;;1901;30;;;;;1899.0;-1956.0078125
1;53100;KELP;2035;23;;;;;2038;23;;;;;2036.5;0.0
1;53100;SQUID_INK;1896;23;;;;;1899;23;;;;;1897.5;-1967.38671875
1;53100;RAINFOREST_RESIN;9992;30;;;;;10008;30;;;;;10000.0;591.0
1;53200;SQUID_INK;1897;1;1895;23;;;1899;23;;;;;1898.0;-1973.923828125
1;53200;RAINFOREST_RESIN;9992;33;;;;;10008;33;;;;;10000.0;591.0
1;53200;KELP;2037;1;2035;23;;;2038;23;;;;;2037.5;0.0
1;53300;KELP;2035;20;;;;;2038;20;;;;;2036.5;0.0
1;53300;SQUID_INK;1896;20;;;;;1899;20;;;;;1897.5;-1967.908203125
1;53300;RAINFOREST_RESIN;9992;29;;;;;10008;29;;;;;10000.0;591.0
1;53400;RAINFOREST_RESIN;9992;29;;;;;9998;3;10008;29;;;9995.0;591.0
1;53400;KELP;2035;39;;;;;2038;32;;;;;2036.5;0.0
1;53400;SQUID_INK;1896;39;;;;;1899;32;;;;;1897.5;-1996.880859375
1;53500;KELP;2035;25;;;;;2037;2;2038;25;;;2036.0;0.0
1;53500;SQUID_INK;1896;25;;;;;1898;2;1900;25;;;1897.0;-2005.14453125
1;53500;RAINFOREST_RESIN;9992;32;;;;;10008;32;;;;;10000.0;597.0
1;53600;SQUID_INK;1896;23;;;;;1899;23;;;;;1897.5;-1998.802734375
1;53600;RAINFOREST_RESIN;9992;31;;;;;10008;31;;;;;10000.0;597.0
1;53600;KELP;2035;23;;;;;2038;23;;;;;2036.5;0.0
1;53700;KELP;2035;24;;;;;2038;23;;;;;2036.5;0.0
1;53700;SQUID_INK;1895;24;;;;;1898;23;;;;;1896.5;-1986.216796875
1;53700;RAINFOREST_RESIN;10001;1;9992;25;;;10008;25;;;;;10004.5;597.0
1;53800;RAINFOREST_RESIN;10001;1;9992;25;;;10008;25;;;;;10004.5;598.0
1;53800;KELP;2035;29;;;;;2038;29;;;;;2036.5;0.0
1;53800;SQUID_INK;1894;29;;;;;1897;29;;;;;1895.5;-1980.5859375
1;53900;KELP;2035;26;;;;;2036;4;2038;26;;;2035.5;0.0
1;53900;SQUID_INK;1894;26;;;;;1895;4;1897;26;;;1894.5;-1979.5546875
1;53900;RAINFOREST_RESIN;9992;33;;;;;10008;33;;;;;10000.0;599.0
1;54000;SQUID_INK;1895;8;1894;21;;;1898;22;;;;;1896.5;-1983.49609375
1;54000;RAINFOREST_RESIN;9992;29;;;;;10003;2;10008;29;;;9997.5;599.0
1;54000;KELP;2035;29;;;;;2038;22;;;;;2036.5;0.0
1;54100;SQUID_INK;1894;26;;;;;1897;22;;;;;1895.5;-1978.943359375
1;54100;KELP;2035;26;;;;;2038;22;;;;;2036.5;0.0
1;54100;RAINFOREST_RESIN;9992;26;;;;;10008;26;;;;;10000.0;599.0
1;54200;RAINFOREST_RESIN;9992;28;;;;;9998;3;10008;28;;;9995.0;599.0
1;54200;KELP;2035;20;;;;;2038;21;;;;;2036.5;0.0
1;54200;SQUID_INK;1894;20;;;;;1897;21;;;;;1895.5;-1975.55078125
1;54300;SQUID_INK;1894;28;;;;;1897;2;1898;26;;;1895.5;-1982.12890625
1;54300;KELP;2035;28;;;;;2038;28;;;;;2036.5;0.0
1;54300;RAINFOREST_RESIN;9992;27;;;;;10008;27;;;;;10000.0;605.0
1;54400;SQUID_INK;1895;22;;;;;1898;22;;;;;1896.5;-1986.201171875
1;54400;RAINFOREST_RESIN;9992;30;;;;;10003;8;10008;30;;;9997.5;605.0
1;54400;KELP;2035;22;;;;;2038;22;;;;;2036.5;0.0
1;54500;SQUID_INK;1895;29;;;;;1898;29;;;;;1896.5;-1987.248046875
1;54500;KELP;2035;29;;;;;2038;29;;;;;2036.5;0.0
1;54500;RAINFOREST_RESIN;10002;5;9992;27;;;10008;27;;;;;10005.0;605.0
1;54600;RAINFOREST_RESIN;9992;27;;;;;10003;5;10008;27;;;9997.5;615.0
1;54600;KELP;2035;30;;;;;2038;30;;;;;2036.5;0.0
1;54600;SQUID_INK;1894;30;;;;;1897;30;;;;;1895.5;-1979.45703125
1;54700;SQUID_INK;1894;23;;;;;1897;1;1898;22;;;1895.5;-2014.58984375
1;54700;KELP;2035;23;;;;;2038;23;;;;;2036.5;0.0
1;54700;RAINFOREST_RESIN;9992;33;;;;;10003;6;10008;33;;;9997.5;615.0
1;54800;SQUID_INK;1895;7;1894;25;;;1897;2;1898;23;;;1896.0;-2015.54296875
1;54800;RAINFOREST_RESIN;9992;29;;;;;9999;1;10000;2;10003;5;9995.5;615.0
1;54800;KELP;2035;32;;;;;2038;25;;;;;2036.5;0.0
1;54900;SQUID_INK;1895;24;;;;;1896;1;1898;24;;;1895.5;-2008.8984375
1;54900;KELP;2035;24;;;;;2037;1;2038;24;;;2036.0;0.0
1;54900;RAINFOREST_RESIN;9992;30;;;;;10008;30;;;;;10000.0;616.0
1;55000;RAINFOREST_RESIN;9992;34;;;;;10008;34;;;;;10000.0;616.0
1;55000;KELP;2035;22;;;;;2037;7;2038;22;;;2036.0;0.0
1;55000;SQUID_INK;1895;22;;;;;1897;7;1898;22;;;1896.0;-2038.626953125
